{"id": 1, "name": "A5 STANDARDBLOK", "underline": "1 STK.", "age_limit": null, "hazard_precaution_statements": [], "labels": [], "description": null, "info": "", "images": [{"small": "https://rema-product-images.digital.rema1000.dk/780616/1-small-6xqA131RqD.webp", "medium": "https://rema-product-images.digital.rema1000.dk/780616/1-medium-6xqA131RqD.webp", "large": "https://rema-product-images.digital.rema1000.dk/780616/1-large-6xqA131RqD.webp"}], "prices": [{"price": 11.95, "price_over_max_quantity": null, "max_quantity": null, "is_advertised": false, "is_campaign": false, "starting_at": "2022-04-21T00:00:00+00:00", "ending_at": "2099-12-31T00:00:00+00:00", "deposit": null, "compare_unit": "stk", "compare_unit_price": 11.95, "consumption_unit": null, "consumption_quantity": null}], "temperature_zone": null, "is_self_scale_item": false, "is_weight_item": false, "is_available_in_all_stores": true, "is_batch_item": false}
{"id": 2, "name": "C6 KUVERTER", "underline": "50 STK. / SELVKLÆBENDE", "age_limit": null, "hazard_precaution_statements": [], "labels": [], "description": null, "info": "", "images": [{"small": "https://rema-product-images.digital.rema1000.dk/780643/1-small-dyomyYyBoV.webp", "medium": "https://rema-product-images.digital.rema1000.dk/780643/1-medium-dyomyYyBoV.webp", "large": "https://rema-product-images.digital.rema1000.dk/780643/1-large-dyomyYyBoV.webp"}], "prices": [{"price": 15, "price_over_max_quantity": null, "max_quantity": null, "is_advertised": false, "is_campaign": false, "starting_at": "2014-11-10T00:00:00+00:00", "ending_at": "2099-12-31T00:00:00+00:00", "deposit": null, "compare_unit": "stk", "compare_unit_price": 0.3, "consumption_unit": null, "consumption_quantity": null}], "temperature_zone": null, "is_self_scale_item": false, "is_weight_item": false, "is_available_in_all_stores": true, "is_batch_item": false}
{"id": 3, "name": "C5 KUVERTER", "underline": "20 STK. / SELVKLÆBENDE", "age_limit": null, "hazard_precaution_statements": [], "labels": [], "description": null, "info": "", "images": [{"small": "https://rema-product-images.digital.rema1000.dk/780664/1-small-AKqeA8G2qp.webp", "medium": "https://rema-product-images.digital.rema1000.dk/780664/1-medium-AKqeA8G2qp.webp", "large": "https://rema-product-images.digital.rema1000.dk/780664/1-large-AKqeA8G2qp.webp"}], "prices": [{"price": 15, "price_over_max_quantity": null, "max_quantity": null, "is_advertised": false, "is_campaign": false, "starting_at": "2015-06-25T00:00:00+00:00", "ending_at": "2099-12-31T00:00:00+00:00", "deposit": null, "compare_unit": "stk", "compare_unit_price": 0.75, "consumption_unit": null, "consumption_quantity": null}], "temperature_zone": null, "is_self_scale_item": false, "is_weight_item": false, "is_available_in_all_stores": true, "is_batch_item": false}
{"id": 4, "name": "UNIVERSALLIM", "underline": "40 ML. / DANA LIM", "age_limit": null, "hazard_precaution_statements": ["Meget brandfarlig væske og damp.", "Forårsager alvorlig øjenirritation.", "Kan forårsage sløvhed eller svimmelhed.", "Skadelig for vandlevende organismer, med langvarige virkninger.", "Hvis der er brug for lægehjælp, medbring da beholderen eller etiketten.", "Opbevares utilgængeligt for børn.", "Holdes væk fra varme, varme overflader, gnister, åben ild og andre antændelseskilder. Rygning forbudt.", "Brug kun udendørs eller i et rum med god udluftning.", "VED KONTAKT MED ØJNENE: Skyl forsigtigt med vand i flere minutter. Fjern eventuelle kontaktlinser, hvis dette kan gøres let. Fortsæt skylning.", "Indholdet/beholderen bortskaffes i henhold til lokale affaldsregulativer.", "Gentagen kontakt kan give tør eller revnet hud."], "labels": [], "description": null, "info": "", "images": [{"small": "https://rema-product-images.digital.rema1000.dk/780750/1-small-vVordA3B93.webp", "medium": "https://rema-product-images.digital.rema1000.dk/780750/1-medium-vVordA3B93.webp", "large": "https://rema-product-images.digital.rema1000.dk/780750/1-large-vVordA3B93.webp"}], "prices": [{"price": 19.95, "price_over_max_quantity": null, "max_quantity": null, "is_advertised": false, "is_campaign": false, "starting_at": "2022-01-20T00:00:00+00:00", "ending_at": "2099-12-31T00:00:00+00:00", "deposit": null, "compare_unit": "ltr", "compare_unit_price": 498.75, "consumption_unit": null, "consumption_quantity": null}], "temperature_zone": null, "is_self_scale_item": false, "is_weight_item": false, "is_available_in_all_stores": true, "is_batch_item": false}
{"id": 5, "name": "CANON KOPIPAPIR", "underline": "500 STK. / A4 HVID", "age_limit": null, "hazard_precaution_statements": [], "labels": [{"id": 42, "name": "Svanemærket", "image": "https://static-assets.digital.rema1000.dk/product/labels/42-64.webp"}, {"id": 57, "name": "Ecolabel", "image": "https://static-assets.digital.rema1000.dk/product/labels/57-64.webp"}], "description": null, "info": "", "images": [{"small": "https://rema-product-images.digital.rema1000.dk/780759/1-small-KpqRz0l1qL.webp", "medium": "https://rema-product-images.digital.rema1000.dk/780759/1-medium-KpqRz0l1qL.webp", "large": "https://rema-product-images.digital.rema1000.dk/780759/1-large-KpqRz0l1qL.webp"}], "prices": [{"price": 42.95, "price_over_max_quantity": null, "max_quantity": null, "is_advertised": false, "is_campaign": false, "starting_at": "2023-11-30T00:00:00+00:00", "ending_at": "2099-12-31T00:00:00+00:00", "deposit": null, "compare_unit": "stk", "compare_unit_price": 0.09, "consumption_unit": null, "consumption_quantity": null}], "temperature_zone": null, "is_self_scale_item": false, "is_weight_item": false, "is_available_in_all_stores": true, "is_batch_item": false}
{"id": 6, "name": "LOCTITE SUPER GLUE", "underline": "5 GR. / SEKUND LIM", "age_limit": null, "hazard_precaution_statements": ["Forårsager hudirritation.", "Forårsager alvorlig øjenirritation.", "Kan forårsage irritation af luftvejene."], "labels": [], "description": null, "info": "", "images": [{"small": "https://rema-product-images.digital.rema1000.dk/780794/1-small-vVordANB93.webp", "medium": "https://rema-product-images.digital.rema1000.dk/780794/1-medium-vVordANB93.webp", "large": "https://rema-product-images.digital.rema1000.dk/780794/1-large-vVordANB93.webp"}], "prices": [{"price": 31.95, "price_over_max_quantity": null, "max_quantity": null, "is_advertised": false, "is_campaign": false, "starting_at": "2022-11-17T00:00:00+00:00", "ending_at": "2099-12-31T00:00:00+00:00", "deposit": null, "compare_unit": "kg", "compare_unit_price": 6390, "consumption_unit": null, "consumption_quantity": null}], "temperature_zone": null, "is_self_scale_item": false, "is_weight_item": false, "is_available_in_all_stores": true, "is_batch_item": false}
{"id": 7, "name": "KONTAKTLIM", "underline": "40 ML. / DANA LIM", "age_limit": null, "hazard_precaution_statements": ["Meget brandfarlig væske og damp.", "Forårsager alvorlig øjenirritation.", "Kan forårsage sløvhed eller svimmelhed.", "Forårsager hudirritation.", "Kan forårsage irritation af luftvejene.", "Kan forårsage organskader ved længerevarende eller gentagen eksponering.", "Giftig for vandlevende organismer, med langvarige virkninger.", "Hvis der er brug for lægehjælp, medbring da beholderen eller etiketten.", "Opbevares utilgængeligt for børn.", "Holdes væk fra varme, varme overflader, gnister, åben ild og andre antændelseskilder. Rygning forbudt.", "Brug kun udendørs eller i et rum med god udluftning.", "VED KONTAKT MED ØJNENE: Skyl forsigtigt med vand i flere minutter. Fjern eventuelle kontaktlinser, hvis dette kan gøres let. Fortsæt skylning.", "Opbevares på et godt ventileret sted. Hold beholderen tæt lukket.", "Produktet indeholder lavtkogende væsker, der absorberer dårligt på kulfiltre. Såfremt der anvendes åndedrætsværn, skal dette være luftforsynet. Indeholder Kolophonium, disulfiram. Kan udløse allergisk reaktion"], "labels": [], "description": null, "info": "", "images": [{"small": "https://rema-product-images.digital.rema1000.dk/780909/1-small-aboKGd4wop.webp", "medium": "https://rema-product-images.digital.rema1000.dk/780909/1-medium-aboKGd4wop.webp", "large": "https://rema-product-images.digital.rema1000.dk/780909/1-large-aboKGd4wop.webp"}], "prices": [{"price": 19.95, "price_over_max_quantity": null, "max_quantity": null, "is_advertised": false, "is_campaign": false, "starting_at": "2022-01-20T00:00:00+00:00", "ending_at": "2099-12-31T00:00:00+00:00", "deposit": null, "compare_unit": "ltr", "compare_unit_price": 498.75, "consumption_unit": null, "consumption_quantity": null}], "temperature_zone": null, "is_self_scale_item": false, "is_weight_item": false, "is_available_in_all_stores": true, "is_batch_item": false}
{"id": 8, "name": "HÆNGELÅS MED KODE", "underline": "1 STK.", "age_limit": null, "hazard_precaution_statements": [], "labels": [], "description": null, "info": "", "images": [{"small": "https://rema-product-images.digital.rema1000.dk/780910/1-small-Al90VKbko8.webp", "medium": "https://rema-product-images.digital.rema1000.dk/780910/1-medium-Al90VKbko8.webp", "large": "https://rema-product-images.digital.rema1000.dk/780910/1-large-Al90VKbko8.webp"}], "prices": [{"price": 19, "price_over_max_quantity": null, "max_quantity": null, "is_advertised": false, "is_campaign": false, "starting_at": "2024-04-22T00:00:00+00:00", "ending_at": "2099-12-31T00:00:00+00:00", "deposit": null, "compare_unit": "stk", "compare_unit_price": 19, "consumption_unit": null, "consumption_quantity": null}], "temperature_zone": null, "is_self_scale_item": false, "is_weight_item": false, "is_available_in_all_stores": true, "is_batch_item": false}
{"id": 9, "name": "LIMSTIFT", "underline": "20 GR. / DANA LIM", "age_limit": null, "hazard_precaution_statements": [], "labels": [], "description": "Anvendelse: pap, papir, karton, foto", "info": "", "images": [{"small": "https://rema-product-images.digital.rema1000.dk/780959/1-small-KpqRz0ZXqL.webp", "medium": "https://rema-product-images.digital.rema1000.dk/780959/1-medium-KpqRz0ZXqL.webp", "large": "https://rema-product-images.digital.rema1000.dk/780959/1-large-KpqRz0ZXqL.webp"}], "prices": [{"price": 11.95, "price_over_max_quantity": null, "max_quantity": null, "is_advertised": false, "is_campaign": false, "starting_at": "2022-01-20T00:00:00+00:00", "ending_at": "2099-12-31T00:00:00+00:00", "deposit": null, "compare_unit": "kg", "compare_unit_price": 597.5, "consumption_unit": null, "consumption_quantity": null}], "temperature_zone": null, "is_self_scale_item": false, "is_weight_item": false, "is_available_in_all_stores": true, "is_batch_item": false}
{"id": 10, "name": "TREKANTEDE BLYANTER", "underline": "3 STK. / STAEDTLER", "age_limit": null, "hazard_precaution_statements": [], "labels": [], "description": null, "info": "", "images": [{"small": "https://rema-product-images.digital.rema1000.dk/780976/1-small-nDPWD7ZOoW.webp", "medium": "https://rema-product-images.digital.rema1000.dk/780976/1-medium-nDPWD7ZOoW.webp", "large": "https://rema-product-images.digital.rema1000.dk/780976/1-large-nDPWD7ZOoW.webp"}], "prices": [{"price": 17.95, "price_over_max_quantity": null, "max_quantity": null, "is_advertised": false, "is_campaign": false, "starting_at": "2024-04-04T00:00:00+00:00", "ending_at": "2099-12-31T00:00:00+00:00", "deposit": null, "compare_unit": "stk", "compare_unit_price": 5.98, "consumption_unit": null, "consumption_quantity": null}], "temperature_zone": null, "is_self_scale_item": false, "is_weight_item": false, "is_available_in_all_stores": true, "is_batch_item": false}
{"id": 11, "name": "SPILLEKORT", "underline": "1 SÆT", "age_limit": null, "hazard_precaution_statements": [], "labels": [], "description": "56 stk. spillekort opdelt i fire kulører på hver 13 kort: Spar, hjerter, klør og ruder, samt 4 jokere. Kortene har numre i alle 4 hjørner.", "info": "", "images": [{"small": "https://rema-product-images.digital.rema1000.dk/780979/1-small-Gb9kQmXro7.webp", "medium": "https://rema-product-images.digital.rema1000.dk/780979/1-medium-Gb9kQmXro7.webp", "large": "https://rema-product-images.digital.rema1000.dk/780979/1-large-Gb9kQmXro7.webp"}], "prices": [{"price": 10, "price_over_max_quantity": null, "max_quantity": null, "is_advertised": false, "is_campaign": false, "starting_at": "2018-04-04T00:00:00+00:00", "ending_at": "2099-12-31T00:00:00+00:00", "deposit": null, "compare_unit": "sæt", "compare_unit_price": 10, "consumption_unit": null, "consumption_quantity": null}], "temperature_zone": null, "is_self_scale_item": false, "is_weight_item": false, "is_available_in_all_stores": true, "is_batch_item": false}
{"id": 12, "name": "VISKELÆDER", "underline": "2 STK. / STAEDTLER RASOPLAST", "age_limit": null, "hazard_precaution_statements": [], "labels": [], "description": null, "info": "", "images": [{"small": "https://rema-product-images.digital.rema1000.dk/780982/1-small-MBoN6jy5ov.webp", "medium": "https://rema-product-images.digital.rema1000.dk/780982/1-medium-MBoN6jy5ov.webp", "large": "https://rema-product-images.digital.rema1000.dk/780982/1-large-MBoN6jy5ov.webp"}], "prices": [{"price": 21.5, "price_over_max_quantity": null, "max_quantity": null, "is_advertised": false, "is_campaign": false, "starting_at": "2023-01-02T00:00:00+00:00", "ending_at": "2099-12-31T00:00:00+00:00", "deposit": null, "compare_unit": "stk", "compare_unit_price": 10.75, "consumption_unit": null, "consumption_quantity": null}], "temperature_zone": null, "is_self_scale_item": false, "is_weight_item": false, "is_available_in_all_stores": true, "is_batch_item": false}
{"id": 13, "name": "KUGLEPENNE", "underline": "6 STK. / STAEDTLER", "age_limit": null, "hazard_precaution_statements": [], "labels": [], "description": null, "info": "", "images": [{"small": "https://rema-product-images.digital.rema1000.dk/780984/1-small-rQqQzda29e.webp", "medium": "https://rema-product-images.digital.rema1000.dk/780984/1-medium-rQqQzda29e.webp", "large": "https://rema-product-images.digital.rema1000.dk/780984/1-large-rQqQzda29e.webp"}], "prices": [{"price": 22.95, "price_over_max_quantity": null, "max_quantity": null, "is_advertised": false, "is_campaign": false, "starting_at": "2023-01-02T00:00:00+00:00", "ending_at": "2099-12-31T00:00:00+00:00", "deposit": null, "compare_unit": "stk", "compare_unit_price": 3.83, "consumption_unit": null, "consumption_quantity": null}], "temperature_zone": null, "is_self_scale_item": false, "is_weight_item": false, "is_available_in_all_stores": true, "is_batch_item": false}
{"id": 14, "name": "GUMMI ELASTIKKER", "underline": "100 GR.", "age_limit": null, "hazard_precaution_statements": [], "labels": [], "description": null, "info": "", "images": [{"small": "https://rema-product-images.digital.rema1000.dk/781018/1-small-2B94a088Pk.webp", "medium": "https://rema-product-images.digital.rema1000.dk/781018/1-medium-2B94a088Pk.webp", "large": "https://rema-product-images.digital.rema1000.dk/781018/1-large-2B94a088Pk.webp"}], "prices": [{"price": 10, "price_over_max_quantity": null, "max_quantity": null, "is_advertised": false, "is_campaign": false, "starting_at": "2018-07-02T00:00:00+00:00", "ending_at": "2099-12-31T00:00:00+00:00", "deposit": null, "compare_unit": "kg", "compare_unit_price": 100, "consumption_unit": null, "consumption_quantity": null}], "temperature_zone": null, "is_self_scale_item": false, "is_weight_item": false, "is_available_in_all_stores": true, "is_batch_item": false}
{"id": 15, "name": "GEL PEN", "underline": "2 STK. / ERASABLE", "age_limit": null, "hazard_precaution_statements": [], "labels": [], "description": null, "info": "", "images": [{"small": "https://rema-product-images.digital.rema1000.dk/781023/1-small-MNqZVle1qA.webp", "medium": "https://rema-product-images.digital.rema1000.dk/781023/1-medium-MNqZVle1qA.webp", "large": "https://rema-product-images.digital.rema1000.dk/781023/1-large-MNqZVle1qA.webp"}], "prices": [{"price": 20, "price_over_max_quantity": null, "max_quantity": null, "is_advertised": false, "is_campaign": false, "starting_at": "2022-12-08T00:00:00+00:00", "ending_at": "2099-12-31T00:00:00+00:00", "deposit": null, "compare_unit": "stk", "compare_unit_price": 10, "consumption_unit": null, "consumption_quantity": null}], "temperature_zone": null, "is_self_scale_item": false, "is_weight_item": false, "is_available_in_all_stores": true, "is_batch_item": false}
{"id": 16, "name": "LABELS", "underline": "1 STK. / SELVKLÆBENDE", "age_limit": null, "hazard_precaution_statements": [], "labels": [], "description": "315 stk. 32x21 mm 32 stk. 50x80 mm 10 stk. 100x80 mm", "info": "", "images": [{"small": "https://rema-product-images.digital.rema1000.dk/781038/1-small-MBoN6jbWov.webp", "medium": "https://rema-product-images.digital.rema1000.dk/781038/1-medium-MBoN6jbWov.webp", "large": "https://rema-product-images.digital.rema1000.dk/781038/1-large-MBoN6jbWov.webp"}], "prices": [{"price": 15, "price_over_max_quantity": null, "max_quantity": null, "is_advertised": false, "is_campaign": false, "starting_at": "2018-10-05T00:00:00+00:00", "ending_at": "2099-12-31T00:00:00+00:00", "deposit": null, "compare_unit": "stk", "compare_unit_price": 15, "consumption_unit": null, "consumption_quantity": null}], "temperature_zone": null, "is_self_scale_item": false, "is_weight_item": false, "is_available_in_all_stores": true, "is_batch_item": false}
{"id": 17, "name": "GAFFATAPE", "underline": "50 MTR.", "age_limit": null, "hazard_precaution_statements": [], "labels": [], "description": null, "info": "", "images": [{"small": "https://rema-product-images.digital.rema1000.dk/781044/1-small-xePwmng7qw.webp", "medium": "https://rema-product-images.digital.rema1000.dk/781044/1-medium-xePwmng7qw.webp", "large": "https://rema-product-images.digital.rema1000.dk/781044/1-large-xePwmng7qw.webp"}], "prices": [{"price": 32.95, "price_over_max_quantity": null, "max_quantity": null, "is_advertised": false, "is_campaign": false, "starting_at": "2021-07-08T00:00:00+00:00", "ending_at": "2099-12-31T00:00:00+00:00", "deposit": null, "compare_unit": "mtr", "compare_unit_price": 0.66, "consumption_unit": null, "consumption_quantity": null}], "temperature_zone": null, "is_self_scale_item": false, "is_weight_item": false, "is_available_in_all_stores": true, "is_batch_item": false}
{"id": 18, "name": "TAPERULLER", "underline": "2 STK. / 18MM X 33M", "age_limit": null, "hazard_precaution_statements": [], "labels": [], "description": null, "info": "", "images": [{"small": "https://rema-product-images.digital.rema1000.dk/781050/1-small-vVordAn893.webp", "medium": "https://rema-product-images.digital.rema1000.dk/781050/1-medium-vVordAn893.webp", "large": "https://rema-product-images.digital.rema1000.dk/781050/1-large-vVordAn893.webp"}], "prices": [{"price": 10, "price_over_max_quantity": null, "max_quantity": null, "is_advertised": false, "is_campaign": false, "starting_at": "2018-05-07T00:00:00+00:00", "ending_at": "2099-12-31T00:00:00+00:00", "deposit": null, "compare_unit": "stk", "compare_unit_price": 5, "consumption_unit": null, "consumption_quantity": null}], "temperature_zone": null, "is_self_scale_item": false, "is_weight_item": false, "is_available_in_all_stores": true, "is_batch_item": false}
{"id": 19, "name": "TAPEDISPENSER", "underline": "1 STK. / INKL. TAPERULLE 18MM X 33M", "age_limit": null, "hazard_precaution_statements": [], "labels": [], "description": null, "info": "", "images": [{"small": "https://rema-product-images.digital.rema1000.dk/781051/1-small-v09gJzDzqA.webp", "medium": "https://rema-product-images.digital.rema1000.dk/781051/1-medium-v09gJzDzqA.webp", "large": "https://rema-product-images.digital.rema1000.dk/781051/1-large-v09gJzDzqA.webp"}], "prices": [{"price": 10, "price_over_max_quantity": null, "max_quantity": null, "is_advertised": false, "is_campaign": false, "starting_at": "2018-05-07T00:00:00+00:00", "ending_at": "2099-12-31T00:00:00+00:00", "deposit": null, "compare_unit": "stk", "compare_unit_price": 10, "consumption_unit": null, "consumption_quantity": null}], "temperature_zone": null, "is_self_scale_item": false, "is_weight_item": false, "is_available_in_all_stores": true, "is_batch_item": false}
{"id": 20, "name": "ELEFANTSNOT", "underline": "50 GR. / HVIDE TERN", "age_limit": null, "hazard_precaution_statements": [], "labels": [], "description": null, "info": "", "images": [{"small": "https://rema-product-images.digital.rema1000.dk/781052/1-small-NpP7pjZDoO.webp", "medium": "https://rema-product-images.digital.rema1000.dk/781052/1-medium-NpP7pjZDoO.webp", "large": "https://rema-product-images.digital.rema1000.dk/781052/1-large-NpP7pjZDoO.webp"}], "prices": [{"price": 10, "price_over_max_quantity": null, "max_quantity": null, "is_advertised": false, "is_campaign": false, "starting_at": "2018-05-07T00:00:00+00:00", "ending_at": "2099-12-31T00:00:00+00:00", "deposit": null, "compare_unit": "kg", "compare_unit_price": 200, "consumption_unit": null, "consumption_quantity": null}], "temperature_zone": null, "is_self_scale_item": false, "is_weight_item": false, "is_available_in_all_stores": true, "is_batch_item": false}
{"id": 21, "name": "MEMO NOTES", "underline": "1 SÆT", "age_limit": null, "hazard_precaution_statements": [], "labels": [], "description": null, "info": "", "images": [{"small": "https://rema-product-images.digital.rema1000.dk/781053/1-small-aboKGd3Gop.webp", "medium": "https://rema-product-images.digital.rema1000.dk/781053/1-medium-aboKGd3Gop.webp", "large": "https://rema-product-images.digital.rema1000.dk/781053/1-large-aboKGd3Gop.webp"}], "prices": [{"price": 10, "price_over_max_quantity": null, "max_quantity": null, "is_advertised": false, "is_campaign": false, "starting_at": "2018-05-07T00:00:00+00:00", "ending_at": "2099-12-31T00:00:00+00:00", "deposit": null, "compare_unit": "sæt", "compare_unit_price": 10, "consumption_unit": null, "consumption_quantity": null}], "temperature_zone": null, "is_self_scale_item": false, "is_weight_item": false, "is_available_in_all_stores": true, "is_batch_item": false}
{"id": 22, "name": "FARVEBLYANTER", "underline": "6 STK. / STAEDTLER TREKANTEDE", "age_limit": null, "hazard_precaution_statements": [], "labels": [], "description": null, "info": "", "images": [{"small": "https://rema-product-images.digital.rema1000.dk/781080/1-small-7doL6Q3W96.webp", "medium": "https://rema-product-images.digital.rema1000.dk/781080/1-medium-7doL6Q3W96.webp", "large": "https://rema-product-images.digital.rema1000.dk/781080/1-large-7doL6Q3W96.webp"}], "prices": [{"price": 15.95, "price_over_max_quantity": null, "max_quantity": null, "is_advertised": false, "is_campaign": false, "starting_at": "2023-01-02T00:00:00+00:00", "ending_at": "2099-12-31T00:00:00+00:00", "deposit": null, "compare_unit": "stk", "compare_unit_price": 2.66, "consumption_unit": null, "consumption_quantity": null}], "temperature_zone": null, "is_self_scale_item": false, "is_weight_item": false, "is_available_in_all_stores": true, "is_batch_item": false}
{"id": 23, "name": "KABEL 1 MTR LEDNING", "underline": "1 STK. / LADE- OG SYNKRONISERING", "age_limit": null, "hazard_precaution_statements": [], "labels": [], "description": null, "info": "", "images": [{"small": "https://rema-product-images.digital.rema1000.dk/781097/1-small-aboKGdDGop.webp", "medium": "https://rema-product-images.digital.rema1000.dk/781097/1-medium-aboKGdDGop.webp", "large": "https://rema-product-images.digital.rema1000.dk/781097/1-large-aboKGdDGop.webp"}], "prices": [{"price": 25, "price_over_max_quantity": null, "max_quantity": null, "is_advertised": false, "is_campaign": false, "starting_at": "2021-10-28T00:00:00+00:00", "ending_at": "2025-09-13T00:00:00+00:00", "deposit": null, "compare_unit": "stk", "compare_unit_price": 25, "consumption_unit": null, "consumption_quantity": null}], "temperature_zone": null, "is_self_scale_item": false, "is_weight_item": false, "is_available_in_all_stores": true, "is_batch_item": false}
{"id": 24, "name": "BLYANTSPIDSER", "underline": "1 STK. / STAEDTLER STORE/SMÅ BLYANTER", "age_limit": null, "hazard_precaution_statements": [], "labels": [], "description": null, "info": "", "images": [{"small": "https://rema-product-images.digital.rema1000.dk/781162/1-small-2B94a0Q6Pk.webp", "medium": "https://rema-product-images.digital.rema1000.dk/781162/1-medium-2B94a0Q6Pk.webp", "large": "https://rema-product-images.digital.rema1000.dk/781162/1-large-2B94a0Q6Pk.webp"}], "prices": [{"price": 22.95, "price_over_max_quantity": null, "max_quantity": null, "is_advertised": false, "is_campaign": false, "starting_at": "2024-04-04T00:00:00+00:00", "ending_at": "2099-12-31T00:00:00+00:00", "deposit": null, "compare_unit": "stk", "compare_unit_price": 22.95, "consumption_unit": null, "consumption_quantity": null}], "temperature_zone": null, "is_self_scale_item": false, "is_weight_item": false, "is_available_in_all_stores": true, "is_batch_item": false}
{"id": 25, "name": "LADEKABEL", "underline": "1 STK. / USB A TIL IPHONE 3 METER", "age_limit": null, "hazard_precaution_statements": [], "labels": [], "description": null, "info": "", "images": [{"small": "https://rema-product-images.digital.rema1000.dk/781532/1-small-nDPWD7dVoW.webp", "medium": "https://rema-product-images.digital.rema1000.dk/781532/1-medium-nDPWD7dVoW.webp", "large": "https://rema-product-images.digital.rema1000.dk/781532/1-large-nDPWD7dVoW.webp"}], "prices": [{"price": 30, "price_over_max_quantity": null, "max_quantity": null, "is_advertised": false, "is_campaign": false, "starting_at": "2024-11-26T00:00:00+00:00", "ending_at": "2025-09-13T00:00:00+00:00", "deposit": null, "compare_unit": "stk", "compare_unit_price": 30, "consumption_unit": null, "consumption_quantity": null}], "temperature_zone": null, "is_self_scale_item": false, "is_weight_item": false, "is_available_in_all_stores": true, "is_batch_item": false}
{"id": 26, "name": "LADEKABEL 2 MTR", "underline": "1 STK. / USB-C TIL IPHONE, HVID", "age_limit": null, "hazard_precaution_statements": [], "labels": [], "description": null, "info": "", "images": [{"small": "https://rema-product-images.digital.rema1000.dk/781535/1-small-Gb9kQmkmo7.webp", "medium": "https://rema-product-images.digital.rema1000.dk/781535/1-medium-Gb9kQmkmo7.webp", "large": "https://rema-product-images.digital.rema1000.dk/781535/1-large-Gb9kQmkmo7.webp"}], "prices": [{"price": 25, "price_over_max_quantity": null, "max_quantity": null, "is_advertised": false, "is_campaign": false, "starting_at": "2024-11-27T00:00:00+00:00", "ending_at": "2025-09-13T00:00:00+00:00", "deposit": null, "compare_unit": "stk", "compare_unit_price": 25, "consumption_unit": null, "consumption_quantity": null}], "temperature_zone": null, "is_self_scale_item": false, "is_weight_item": false, "is_available_in_all_stores": true, "is_batch_item": false}
{"id": 27, "name": "LADEKABEL 2 METER", "underline": "1 STK. / USB-C TIL USB-C, HVID", "age_limit": null, "hazard_precaution_statements": [], "labels": [], "description": null, "info": "", "images": [{"small": "https://rema-product-images.digital.rema1000.dk/781536/1-small-7doL6QbK96.webp", "medium": "https://rema-product-images.digital.rema1000.dk/781536/1-medium-7doL6QbK96.webp", "large": "https://rema-product-images.digital.rema1000.dk/781536/1-large-7doL6QbK96.webp"}], "prices": [{"price": 25, "price_over_max_quantity": null, "max_quantity": null, "is_advertised": false, "is_campaign": false, "starting_at": "2024-11-27T00:00:00+00:00", "ending_at": "2025-09-13T00:00:00+00:00", "deposit": null, "compare_unit": "stk", "compare_unit_price": 25, "consumption_unit": null, "consumption_quantity": null}], "temperature_zone": null, "is_self_scale_item": false, "is_weight_item": false, "is_available_in_all_stores": true, "is_batch_item": false}
{"id": 28, "name": "TUSSER", "underline": "12 STK. / STAEDTLER PAP-ETUI", "age_limit": null, "hazard_precaution_statements": [], "labels": [], "description": null, "info": "", "images": [{"small": "https://rema-product-images.digital.rema1000.dk/782011/1-small-A5qV0lGwPa.webp", "medium": "https://rema-product-images.digital.rema1000.dk/782011/1-medium-A5qV0lGwPa.webp", "large": "https://rema-product-images.digital.rema1000.dk/782011/1-large-A5qV0lGwPa.webp"}], "prices": [{"price": 22.95, "price_over_max_quantity": null, "max_quantity": null, "is_advertised": false, "is_campaign": false, "starting_at": "2024-04-04T00:00:00+00:00", "ending_at": "2099-12-31T00:00:00+00:00", "deposit": null, "compare_unit": "stk", "compare_unit_price": 1.91, "consumption_unit": null, "consumption_quantity": null}], "temperature_zone": null, "is_self_scale_item": false, "is_weight_item": false, "is_available_in_all_stores": true, "is_batch_item": false}
{"id": 29, "name": "FYRFADSLYS", "underline": "20 STK.", "age_limit": null, "hazard_precaution_statements": [], "labels": [{"id": 42, "name": "Svanemærket", "image": "https://static-assets.digital.rema1000.dk/product/labels/42-64.webp"}], "description": null, "info": "", "images": [{"small": "https://rema-product-images.digital.rema1000.dk/790145/1-small-ElPBjdYXPk.webp", "medium": "https://rema-product-images.digital.rema1000.dk/790145/1-medium-ElPBjdYXPk.webp", "large": "https://rema-product-images.digital.rema1000.dk/790145/1-large-ElPBjdYXPk.webp"}], "prices": [{"price": 30, "price_over_max_quantity": null, "max_quantity": null, "is_advertised": false, "is_campaign": false, "starting_at": "2022-10-06T00:00:00+00:00", "ending_at": "2099-12-31T00:00:00+00:00", "deposit": null, "compare_unit": "stk", "compare_unit_price": 1.5, "consumption_unit": null, "consumption_quantity": null}], "temperature_zone": null, "is_self_scale_item": false, "is_weight_item": false, "is_available_in_all_stores": true, "is_batch_item": false}
{"id": 30, "name": "SLIKPOSER", "underline": "10 STK. / PAPIR", "age_limit": null, "hazard_precaution_statements": [], "labels": [], "description": null, "info": "", "images": [{"small": "https://rema-product-images.digital.rema1000.dk/790165/1-small-bJ9Y0YdXqL.webp", "medium": "https://rema-product-images.digital.rema1000.dk/790165/1-medium-bJ9Y0YdXqL.webp", "large": "https://rema-product-images.digital.rema1000.dk/790165/1-large-bJ9Y0YdXqL.webp"}], "prices": [{"price": 12.95, "price_over_max_quantity": null, "max_quantity": null, "is_advertised": false, "is_campaign": false, "starting_at": "2012-07-09T00:00:00+00:00", "ending_at": "2099-12-31T00:00:00+00:00", "deposit": null, "compare_unit": "stk", "compare_unit_price": 1.3, "consumption_unit": null, "consumption_quantity": null}], "temperature_zone": null, "is_self_scale_item": false, "is_weight_item": false, "is_available_in_all_stores": true, "is_batch_item": false}
{"id": 31, "name": "MIKROOVN POPCORN", "underline": "300 GR. / REMA 1000", "age_limit": null, "hazard_precaution_statements": [], "labels": [{"id": 2, "name": "REMA1000", "image": "https://static-assets.digital.rema1000.dk/product/labels/2-64.webp"}], "description": "<b>Discount med holdning</b><br />I REMA 1000 har vi fokus på kvalitet til lave priser og overskriften på vores arbejde er Discount med holdning.<br /><br />Vi har en klar holdning til alle de varer, vi sælger. Vi stiller ikke kun krav til kvaliteten af vores egne mærkevarer – det er også vigtigt for os, at emballagerne er designet til genanvendelse, at indholdet er uden problematiske stoffer, og at varerne er produceret ansvarligt samt mærket med tydelige og valide certificeringer.<br /><b> </b><br /><b>Om denne vare</b><br />REMA 1000 MIKROOVN POPCORN med salt er uundværlige til fredagshyggen, filmen, festen - eller bare til dig selv.<br />De varme popcorn er aller lækrest helt nypoppede og smager ekstra godt med lidt smør eller cheddarost på toppen.<br /><br /><b>Tilberedning</b><br />Placer posen med popcorn midt i mikroovnen, og pop popcornene i 1-4 minutter efter anvisning på emballagen.", "info": "", "images": [{"small": "https://rema-product-images.digital.rema1000.dk/79018/1-small-2B94wxrqkM.webp", "medium": "https://rema-product-images.digital.rema1000.dk/79018/1-medium-2B94wxrqkM.webp", "large": "https://rema-product-images.digital.rema1000.dk/79018/1-large-2B94wxrqkM.webp"}], "prices": [{"price": 8.95, "price_over_max_quantity": null, "max_quantity": null, "is_advertised": false, "is_campaign": false, "starting_at": "2022-12-29T00:00:00+00:00", "ending_at": "2099-12-31T00:00:00+00:00", "deposit": null, "compare_unit": "kg", "compare_unit_price": 29.83, "consumption_unit": null, "consumption_quantity": null}], "temperature_zone": null, "is_self_scale_item": false, "is_weight_item": false, "is_available_in_all_stores": true, "is_batch_item": false}
{"id": 32, "name": "FYRFADSLYS 50 STK.", "underline": "50 STK. / BRÆNDETID 6 TIMER", "age_limit": null, "hazard_precaution_statements": [], "labels": [], "description": null, "info": "", "images": [{"small": "https://rema-product-images.digital.rema1000.dk/790184/1-small-rQqQzbnM9e.webp", "medium": "https://rema-product-images.digital.rema1000.dk/790184/1-medium-rQqQzbnM9e.webp", "large": "https://rema-product-images.digital.rema1000.dk/790184/1-large-rQqQzbnM9e.webp"}], "prices": [{"price": 44.95, "price_over_max_quantity": null, "max_quantity": null, "is_advertised": false, "is_campaign": false, "starting_at": "2023-01-26T00:00:00+00:00", "ending_at": "2099-12-31T00:00:00+00:00", "deposit": null, "compare_unit": "stk", "compare_unit_price": 0.9, "consumption_unit": null, "consumption_quantity": null}], "temperature_zone": null, "is_self_scale_item": false, "is_weight_item": false, "is_available_in_all_stores": true, "is_batch_item": false}
{"id": 33, "name": "RILLET LED STAGELYS", "underline": "2 STK. / 8 TIMERS TIMER ROSA", "age_limit": null, "hazard_precaution_statements": [], "labels": [], "description": null, "info": "", "images": [{"small": "https://rema-product-images.digital.rema1000.dk/790240/1-small-rQqQzbKv9e.webp", "medium": "https://rema-product-images.digital.rema1000.dk/790240/1-medium-rQqQzbKv9e.webp", "large": "https://rema-product-images.digital.rema1000.dk/790240/1-large-rQqQzbKv9e.webp"}], "prices": [{"price": 39, "price_over_max_quantity": null, "max_quantity": null, "is_advertised": false, "is_campaign": false, "starting_at": "2023-06-19T00:00:00+00:00", "ending_at": "2099-12-31T00:00:00+00:00", "deposit": null, "compare_unit": "stk", "compare_unit_price": 19.5, "consumption_unit": null, "consumption_quantity": null}], "temperature_zone": null, "is_self_scale_item": false, "is_weight_item": false, "is_available_in_all_stores": true, "is_batch_item": false}
{"id": 34, "name": "POPCORN", "underline": "100 GR. / REMA 1000", "age_limit": null, "hazard_precaution_statements": [], "labels": [{"id": 2, "name": "REMA1000", "image": "https://static-assets.digital.rema1000.dk/product/labels/2-64.webp"}], "description": "<b>Discount med holdning</b><br />I REMA 1000 har vi fokus på kvalitet til lave priser og overskriften på vores arbejde er Discount med holdning.<br /><br />Vi har en klar holdning til alle de varer, vi sælger. Vi stiller ikke kun krav til kvaliteten af vores egne mærkevarer – det er også vigtigt for os, at emballagerne er designet til genanvendelse, at indholdet er uden problematiske stoffer, og at varerne er produceret ansvarligt samt mærket med tydelige og valide certificeringer.<br /><b> </b><br /><b>Om denne vare</b><br />REMA 1000 poppede popcorn med salt er uundværlige til fredagshyggen, filmen, festen - eller bare til dig selv.", "info": "", "images": [{"small": "https://rema-product-images.digital.rema1000.dk/79030/1-small-869DAdBPMa.webp", "medium": "https://rema-product-images.digital.rema1000.dk/79030/1-medium-869DAdBPMa.webp", "large": "https://rema-product-images.digital.rema1000.dk/79030/1-large-869DAdBPMa.webp"}], "prices": [{"price": 6.95, "price_over_max_quantity": null, "max_quantity": null, "is_advertised": false, "is_campaign": false, "starting_at": "2022-12-29T00:00:00+00:00", "ending_at": "2099-12-31T00:00:00+00:00", "deposit": null, "compare_unit": "kg", "compare_unit_price": 69.5, "consumption_unit": null, "consumption_quantity": null}], "temperature_zone": null, "is_self_scale_item": false, "is_weight_item": false, "is_available_in_all_stores": true, "is_batch_item": false}
{"id": 35, "name": "BLOKLYS CHAMPAGNE", "underline": "1 STK. / 7,8X18 CM", "age_limit": null, "hazard_precaution_statements": [], "labels": [], "description": null, "info": "", "images": [{"small": "https://rema-product-images.digital.rema1000.dk/790319/1-small-rDq6ZkZ2qb.webp", "medium": "https://rema-product-images.digital.rema1000.dk/790319/1-medium-rDq6ZkZ2qb.webp", "large": "https://rema-product-images.digital.rema1000.dk/790319/1-large-rDq6ZkZ2qb.webp"}], "prices": [{"price": 29, "price_over_max_quantity": null, "max_quantity": null, "is_advertised": false, "is_campaign": false, "starting_at": "2021-06-10T00:00:00+00:00", "ending_at": "2099-12-31T00:00:00+00:00", "deposit": null, "compare_unit": "stk", "compare_unit_price": 29, "consumption_unit": null, "consumption_quantity": null}], "temperature_zone": null, "is_self_scale_item": false, "is_weight_item": false, "is_available_in_all_stores": true, "is_batch_item": false}
{"id": 36, "name": "BLOKLYS REN STEARIN", "underline": "1 STK. / 6X15 CM", "age_limit": null, "hazard_precaution_statements": [], "labels": [{"id": 42, "name": "Svanemærket", "image": "https://static-assets.digital.rema1000.dk/product/labels/42-64.webp"}], "description": null, "info": "", "images": [{"small": "https://rema-product-images.digital.rema1000.dk/790340/1-small-rQqQzbeb9e.webp", "medium": "https://rema-product-images.digital.rema1000.dk/790340/1-medium-rQqQzbeb9e.webp", "large": "https://rema-product-images.digital.rema1000.dk/790340/1-large-rQqQzbeb9e.webp"}], "prices": [{"price": 24, "price_over_max_quantity": null, "max_quantity": null, "is_advertised": false, "is_campaign": false, "starting_at": "2024-04-25T00:00:00+00:00", "ending_at": "2099-12-31T00:00:00+00:00", "deposit": null, "compare_unit": "stk", "compare_unit_price": 24, "consumption_unit": null, "consumption_quantity": null}], "temperature_zone": null, "is_self_scale_item": false, "is_weight_item": false, "is_available_in_all_stores": true, "is_batch_item": false}
{"id": 37, "name": "SERVIETTER 33X33 CM", "underline": "20 STK. / 3-LAGS, ASSORTEREDE 10", "age_limit": null, "hazard_precaution_statements": [], "labels": [{"id": 42, "name": "Svanemærket", "image": "https://static-assets.digital.rema1000.dk/product/labels/42-64.webp"}], "description": null, "info": "", "images": [{"small": "https://rema-product-images.digital.rema1000.dk/790356/1-small-18oXpd4nok.webp", "medium": "https://rema-product-images.digital.rema1000.dk/790356/1-medium-18oXpd4nok.webp", "large": "https://rema-product-images.digital.rema1000.dk/790356/1-large-18oXpd4nok.webp"}], "prices": [{"price": 10, "price_over_max_quantity": null, "max_quantity": null, "is_advertised": false, "is_campaign": false, "starting_at": "2023-05-11T00:00:00+00:00", "ending_at": "2099-12-31T00:00:00+00:00", "deposit": null, "compare_unit": "stk", "compare_unit_price": 0.5, "consumption_unit": null, "consumption_quantity": null}], "temperature_zone": null, "is_self_scale_item": false, "is_weight_item": false, "is_available_in_all_stores": true, "is_batch_item": false}
{"id": 38, "name": "BLOKLYS ROSA", "underline": "1 STK. / 5,8X12 CM", "age_limit": null, "hazard_precaution_statements": [], "labels": [], "description": null, "info": "", "images": [{"small": "https://rema-product-images.digital.rema1000.dk/790466/1-small-pyoz4lG39X.webp", "medium": "https://rema-product-images.digital.rema1000.dk/790466/1-medium-pyoz4lG39X.webp", "large": "https://rema-product-images.digital.rema1000.dk/790466/1-large-pyoz4lG39X.webp"}], "prices": [{"price": 12, "price_over_max_quantity": null, "max_quantity": null, "is_advertised": false, "is_campaign": false, "starting_at": "2024-03-21T00:00:00+00:00", "ending_at": "2099-12-31T00:00:00+00:00", "deposit": null, "compare_unit": "stk", "compare_unit_price": 12, "consumption_unit": null, "consumption_quantity": null}], "temperature_zone": null, "is_self_scale_item": false, "is_weight_item": false, "is_available_in_all_stores": true, "is_batch_item": false}
{"id": 39, "name": "BLOKLYS STØVET GRØN", "underline": "1 STK. / 5,8X12 CM", "age_limit": null, "hazard_precaution_statements": [], "labels": [], "description": null, "info": "", "images": [{"small": "https://rema-product-images.digital.rema1000.dk/790527/1-small-OW9O6b7Nqg.webp", "medium": "https://rema-product-images.digital.rema1000.dk/790527/1-medium-OW9O6b7Nqg.webp", "large": "https://rema-product-images.digital.rema1000.dk/790527/1-large-OW9O6b7Nqg.webp"}], "prices": [{"price": 12, "price_over_max_quantity": null, "max_quantity": null, "is_advertised": false, "is_campaign": false, "starting_at": "2024-03-21T00:00:00+00:00", "ending_at": "2099-12-31T00:00:00+00:00", "deposit": null, "compare_unit": "stk", "compare_unit_price": 12, "consumption_unit": null, "consumption_quantity": null}], "temperature_zone": null, "is_self_scale_item": false, "is_weight_item": false, "is_available_in_all_stores": true, "is_batch_item": false}
{"id": 40, "name": "BLOKLYS CHINA BLÅ", "underline": "1 STK. / 5,8X12 CM", "age_limit": null, "hazard_precaution_statements": [], "labels": [], "description": null, "info": "", "images": [{"small": "https://rema-product-images.digital.rema1000.dk/790531/1-small-01q2VEaYq7.webp", "medium": "https://rema-product-images.digital.rema1000.dk/790531/1-medium-01q2VEaYq7.webp", "large": "https://rema-product-images.digital.rema1000.dk/790531/1-large-01q2VEaYq7.webp"}], "prices": [{"price": 12, "price_over_max_quantity": null, "max_quantity": null, "is_advertised": false, "is_campaign": false, "starting_at": "2024-03-21T00:00:00+00:00", "ending_at": "2099-12-31T00:00:00+00:00", "deposit": null, "compare_unit": "stk", "compare_unit_price": 12, "consumption_unit": null, "consumption_quantity": null}], "temperature_zone": null, "is_self_scale_item": false, "is_weight_item": false, "is_available_in_all_stores": true, "is_batch_item": false}
{"id": 41, "name": "PAPIRS FLAG", "underline": "10 STK. / PÅ PIND A5", "age_limit": null, "hazard_precaution_statements": [], "labels": [], "description": null, "info": "", "images": [{"small": "https://rema-product-images.digital.rema1000.dk/790543/1-small-dyomyJdBoV.webp", "medium": "https://rema-product-images.digital.rema1000.dk/790543/1-medium-dyomyJdBoV.webp", "large": "https://rema-product-images.digital.rema1000.dk/790543/1-large-dyomyJdBoV.webp"}], "prices": [{"price": 12, "price_over_max_quantity": null, "max_quantity": null, "is_advertised": false, "is_campaign": false, "starting_at": "2021-09-02T00:00:00+00:00", "ending_at": "2099-12-31T00:00:00+00:00", "deposit": null, "compare_unit": "stk", "compare_unit_price": 1.2, "consumption_unit": null, "consumption_quantity": null}], "temperature_zone": null, "is_self_scale_item": false, "is_weight_item": false, "is_available_in_all_stores": true, "is_batch_item": false}
{"id": 42, "name": "FLAG GUIRLANDE", "underline": "1 PK. / 5 METER A6", "age_limit": null, "hazard_precaution_statements": [], "labels": [], "description": null, "info": "", "images": [{"small": "https://rema-product-images.digital.rema1000.dk/790544/1-small-xePwmdrOqw.webp", "medium": "https://rema-product-images.digital.rema1000.dk/790544/1-medium-xePwmdrOqw.webp", "large": "https://rema-product-images.digital.rema1000.dk/790544/1-large-xePwmdrOqw.webp"}], "prices": [{"price": 15, "price_over_max_quantity": null, "max_quantity": null, "is_advertised": false, "is_campaign": false, "starting_at": "2018-09-27T00:00:00+00:00", "ending_at": "2099-12-31T00:00:00+00:00", "deposit": null, "compare_unit": "pk", "compare_unit_price": 15, "consumption_unit": null, "consumption_quantity": null}], "temperature_zone": null, "is_self_scale_item": false, "is_weight_item": false, "is_available_in_all_stores": true, "is_batch_item": false}
{"id": 43, "name": "BLOKLYS HVID", "underline": "1 STK. / REN STEARIN Ø6X12 CM", "age_limit": null, "hazard_precaution_statements": [], "labels": [{"id": 42, "name": "Svanemærket", "image": "https://static-assets.digital.rema1000.dk/product/labels/42-64.webp"}], "description": null, "info": "", "images": [{"small": "https://rema-product-images.digital.rema1000.dk/790559/1-small-KpqRzlNRqL.webp", "medium": "https://rema-product-images.digital.rema1000.dk/790559/1-medium-KpqRzlNRqL.webp", "large": "https://rema-product-images.digital.rema1000.dk/790559/1-large-KpqRzlNRqL.webp"}], "prices": [{"price": 22, "price_over_max_quantity": null, "max_quantity": null, "is_advertised": false, "is_campaign": false, "starting_at": "2025-03-13T00:00:00+00:00", "ending_at": "2099-12-31T00:00:00+00:00", "deposit": null, "compare_unit": "stk", "compare_unit_price": 22, "consumption_unit": null, "consumption_quantity": null}], "temperature_zone": null, "is_self_scale_item": false, "is_weight_item": false, "is_available_in_all_stores": true, "is_batch_item": false}
{"id": 44, "name": "CYLINDERBLOKLYS", "underline": "1 STK. / Ø6,8X15CM CHAMPAGNE", "age_limit": null, "hazard_precaution_statements": [], "labels": [], "description": null, "info": "", "images": [{"small": "https://rema-product-images.digital.rema1000.dk/790568/1-small-vXodQZGxq3.webp", "medium": "https://rema-product-images.digital.rema1000.dk/790568/1-medium-vXodQZGxq3.webp", "large": "https://rema-product-images.digital.rema1000.dk/790568/1-large-vXodQZGxq3.webp"}], "prices": [{"price": 21, "price_over_max_quantity": null, "max_quantity": null, "is_advertised": false, "is_campaign": false, "starting_at": "2024-03-21T00:00:00+00:00", "ending_at": "2099-12-31T00:00:00+00:00", "deposit": null, "compare_unit": "stk", "compare_unit_price": 21, "consumption_unit": null, "consumption_quantity": null}], "temperature_zone": null, "is_self_scale_item": false, "is_weight_item": false, "is_available_in_all_stores": true, "is_batch_item": false}
{"id": 45, "name": "BLOKLYS", "underline": "1 STK. / REN STEARIN Ø6,8X12CM HVID", "age_limit": null, "hazard_precaution_statements": [], "labels": [{"id": 42, "name": "Svanemærket", "image": "https://static-assets.digital.rema1000.dk/product/labels/42-64.webp"}], "description": null, "info": "", "images": [{"small": "https://rema-product-images.digital.rema1000.dk/790571/1-small-OW9O6b4Nqg.webp", "medium": "https://rema-product-images.digital.rema1000.dk/790571/1-medium-OW9O6b4Nqg.webp", "large": "https://rema-product-images.digital.rema1000.dk/790571/1-large-OW9O6b4Nqg.webp"}], "prices": [{"price": 26, "price_over_max_quantity": null, "max_quantity": null, "is_advertised": false, "is_campaign": false, "starting_at": "2024-04-25T00:00:00+00:00", "ending_at": "2099-12-31T00:00:00+00:00", "deposit": null, "compare_unit": "stk", "compare_unit_price": 26, "consumption_unit": null, "consumption_quantity": null}], "temperature_zone": null, "is_self_scale_item": false, "is_weight_item": false, "is_available_in_all_stores": true, "is_batch_item": false}
{"id": 46, "name": "GRAVLYS", "underline": "2 PK.", "age_limit": null, "hazard_precaution_statements": [], "labels": [], "description": null, "info": "", "images": [{"small": "https://rema-product-images.digital.rema1000.dk/790588/1-small-xePwmdQOqw.webp", "medium": "https://rema-product-images.digital.rema1000.dk/790588/1-medium-xePwmdQOqw.webp", "large": "https://rema-product-images.digital.rema1000.dk/790588/1-large-xePwmdQOqw.webp"}], "prices": [{"price": 15, "price_over_max_quantity": null, "max_quantity": null, "is_advertised": false, "is_campaign": false, "starting_at": "2023-07-01T00:00:00+00:00", "ending_at": "2099-12-31T00:00:00+00:00", "deposit": null, "compare_unit": "pk", "compare_unit_price": 7.5, "consumption_unit": null, "consumption_quantity": null}], "temperature_zone": null, "is_self_scale_item": false, "is_weight_item": false, "is_available_in_all_stores": true, "is_batch_item": false}
{"id": 47, "name": "BLOKLYS Ø5,8X12CM", "underline": "1 STK. / M FLAD TOP", "age_limit": null, "hazard_precaution_statements": [], "labels": [], "description": null, "info": "", "images": [{"small": "https://rema-product-images.digital.rema1000.dk/790589/1-small-ElPBjd3WPk.webp", "medium": "https://rema-product-images.digital.rema1000.dk/790589/1-medium-ElPBjd3WPk.webp", "large": "https://rema-product-images.digital.rema1000.dk/790589/1-large-ElPBjd3WPk.webp"}], "prices": [{"price": 12, "price_over_max_quantity": null, "max_quantity": null, "is_advertised": false, "is_campaign": false, "starting_at": "2024-03-21T00:00:00+00:00", "ending_at": "2099-12-31T00:00:00+00:00", "deposit": null, "compare_unit": "stk", "compare_unit_price": 12, "consumption_unit": null, "consumption_quantity": null}], "temperature_zone": null, "is_self_scale_item": false, "is_weight_item": false, "is_available_in_all_stores": true, "is_batch_item": false}
{"id": 48, "name": "BLOKLYS Ø6,8X13CM", "underline": "1 STK. / M FLAD TOP", "age_limit": null, "hazard_precaution_statements": [], "labels": [], "description": null, "info": "", "images": [{"small": "https://rema-product-images.digital.rema1000.dk/790591/1-small-3MoMab41o5.webp", "medium": "https://rema-product-images.digital.rema1000.dk/790591/1-medium-3MoMab41o5.webp", "large": "https://rema-product-images.digital.rema1000.dk/790591/1-large-3MoMab41o5.webp"}], "prices": [{"price": 19, "price_over_max_quantity": null, "max_quantity": null, "is_advertised": false, "is_campaign": false, "starting_at": "2022-04-07T00:00:00+00:00", "ending_at": "2099-12-31T00:00:00+00:00", "deposit": null, "compare_unit": "stk", "compare_unit_price": 19, "consumption_unit": null, "consumption_quantity": null}], "temperature_zone": null, "is_self_scale_item": false, "is_weight_item": false, "is_available_in_all_stores": true, "is_batch_item": false}
{"id": 49, "name": "BLOKLYS 6,8X15CM", "underline": "1 STK. / M/FLAD TOP", "age_limit": null, "hazard_precaution_statements": [], "labels": [], "description": null, "info": "", "images": [{"small": "https://rema-product-images.digital.rema1000.dk/790592/1-small-OJq5V1Xz9p.webp", "medium": "https://rema-product-images.digital.rema1000.dk/790592/1-medium-OJq5V1Xz9p.webp", "large": "https://rema-product-images.digital.rema1000.dk/790592/1-large-OJq5V1Xz9p.webp"}], "prices": [{"price": 21, "price_over_max_quantity": null, "max_quantity": null, "is_advertised": false, "is_campaign": false, "starting_at": "2022-04-07T00:00:00+00:00", "ending_at": "2099-12-31T00:00:00+00:00", "deposit": null, "compare_unit": "stk", "compare_unit_price": 21, "consumption_unit": null, "consumption_quantity": null}], "temperature_zone": null, "is_self_scale_item": false, "is_weight_item": false, "is_available_in_all_stores": true, "is_batch_item": false}
{"id": 50, "name": "KRONELYS", "underline": "6 STK. / 2,2X24 ROSA", "age_limit": null, "hazard_precaution_statements": [], "labels": [{"id": 42, "name": "Svanemærket", "image": "https://static-assets.digital.rema1000.dk/product/labels/42-64.webp"}], "description": null, "info": "", "images": [{"small": "https://rema-product-images.digital.rema1000.dk/790611/1-small-A5qV0AY3Pa.webp", "medium": "https://rema-product-images.digital.rema1000.dk/790611/1-medium-A5qV0AY3Pa.webp", "large": "https://rema-product-images.digital.rema1000.dk/790611/1-large-A5qV0AY3Pa.webp"}], "prices": [{"price": 39, "price_over_max_quantity": null, "max_quantity": null, "is_advertised": false, "is_campaign": false, "starting_at": "2023-03-16T00:00:00+00:00", "ending_at": "2099-12-31T00:00:00+00:00", "deposit": null, "compare_unit": "stk", "compare_unit_price": 6.5, "consumption_unit": null, "consumption_quantity": null}], "temperature_zone": null, "is_self_scale_item": false, "is_weight_item": false, "is_available_in_all_stores": true, "is_batch_item": false}
{"id": 51, "name": "KRONELYS 2,2X25 CM", "underline": "2 STK. / MED FLAG", "age_limit": null, "hazard_precaution_statements": [], "labels": [{"id": 42, "name": "Svanemærket", "image": "https://static-assets.digital.rema1000.dk/product/labels/42-64.webp"}], "description": null, "info": "", "images": [{"small": "https://rema-product-images.digital.rema1000.dk/790620/1-small-AKqeAe2Rqp.webp", "medium": "https://rema-product-images.digital.rema1000.dk/790620/1-medium-AKqeAe2Rqp.webp", "large": "https://rema-product-images.digital.rema1000.dk/790620/1-large-AKqeAe2Rqp.webp"}], "prices": [{"price": 22, "price_over_max_quantity": null, "max_quantity": null, "is_advertised": false, "is_campaign": false, "starting_at": "2024-03-21T00:00:00+00:00", "ending_at": "2099-12-31T00:00:00+00:00", "deposit": null, "compare_unit": "stk", "compare_unit_price": 11, "consumption_unit": null, "consumption_quantity": null}], "temperature_zone": null, "is_self_scale_item": false, "is_weight_item": false, "is_available_in_all_stores": true, "is_batch_item": false}
{"id": 52, "name": "2-PK KRONELYS ROSA", "underline": "2 STK. / 2,2X19CM M/TRYK", "age_limit": null, "hazard_precaution_statements": [], "labels": [{"id": 42, "name": "Svanemærket", "image": "https://static-assets.digital.rema1000.dk/product/labels/42-64.webp"}], "description": null, "info": "", "images": [{"small": "https://rema-product-images.digital.rema1000.dk/790625/1-small-Ea91jD7aPz.webp", "medium": "https://rema-product-images.digital.rema1000.dk/790625/1-medium-Ea91jD7aPz.webp", "large": "https://rema-product-images.digital.rema1000.dk/790625/1-large-Ea91jD7aPz.webp"}], "prices": [{"price": 20, "price_over_max_quantity": null, "max_quantity": null, "is_advertised": false, "is_campaign": false, "starting_at": "2023-06-01T00:00:00+00:00", "ending_at": "2099-12-31T00:00:00+00:00", "deposit": null, "compare_unit": "stk", "compare_unit_price": 10, "consumption_unit": null, "consumption_quantity": null}], "temperature_zone": null, "is_self_scale_item": false, "is_weight_item": false, "is_available_in_all_stores": true, "is_batch_item": false}
{"id": 53, "name": "2-PK KRONELYS GRØN", "underline": "2 STK. / 2,2X19CM M/TRYK", "age_limit": null, "hazard_precaution_statements": [], "labels": [{"id": 42, "name": "Svanemærket", "image": "https://static-assets.digital.rema1000.dk/product/labels/42-64.webp"}], "description": null, "info": "", "images": [{"small": "https://rema-product-images.digital.rema1000.dk/790626/1-small-kOq3Om0Mq6.webp", "medium": "https://rema-product-images.digital.rema1000.dk/790626/1-medium-kOq3Om0Mq6.webp", "large": "https://rema-product-images.digital.rema1000.dk/790626/1-large-kOq3Om0Mq6.webp"}], "prices": [{"price": 20, "price_over_max_quantity": null, "max_quantity": null, "is_advertised": false, "is_campaign": false, "starting_at": "2023-06-01T00:00:00+00:00", "ending_at": "2099-12-31T00:00:00+00:00", "deposit": null, "compare_unit": "stk", "compare_unit_price": 10, "consumption_unit": null, "consumption_quantity": null}], "temperature_zone": null, "is_self_scale_item": false, "is_weight_item": false, "is_available_in_all_stores": true, "is_batch_item": false}
{"id": 54, "name": "KRONELYS 2,2X19 CM", "underline": "2 STK. / BLÅ MED EFFEKT", "age_limit": null, "hazard_precaution_statements": [], "labels": [{"id": 42, "name": "Svanemærket", "image": "https://static-assets.digital.rema1000.dk/product/labels/42-64.webp"}], "description": null, "info": "", "images": [{"small": "https://rema-product-images.digital.rema1000.dk/790628/1-small-xyqaQA2pqD.webp", "medium": "https://rema-product-images.digital.rema1000.dk/790628/1-medium-xyqaQA2pqD.webp", "large": "https://rema-product-images.digital.rema1000.dk/790628/1-large-xyqaQA2pqD.webp"}], "prices": [{"price": 20, "price_over_max_quantity": null, "max_quantity": null, "is_advertised": false, "is_campaign": false, "starting_at": "2023-06-01T00:00:00+00:00", "ending_at": "2099-12-31T00:00:00+00:00", "deposit": null, "compare_unit": "stk", "compare_unit_price": 10, "consumption_unit": null, "consumption_quantity": null}], "temperature_zone": null, "is_self_scale_item": false, "is_weight_item": false, "is_available_in_all_stores": true, "is_batch_item": false}
{"id": 55, "name": "PEANUTS", "underline": "250 GR. / REMA 1000", "age_limit": null, "hazard_precaution_statements": [], "labels": [{"id": 2, "name": "REMA1000", "image": "https://static-assets.digital.rema1000.dk/product/labels/2-64.webp"}], "description": "<b>Discount med holdning</b><br />I REMA 1000 har vi fokus på kvalitet til lave priser og overskriften på vores arbejde er Discount med holdning.<br /><br />Vi har en klar holdning til alle de varer, vi sælger. Vi stiller ikke kun krav til kvaliteten af vores egne mærkevarer – det er også vigtigt for os, at emballagerne er designet til genanvendelse, at indholdet er uden problematiske stoffer, og at varerne er produceret ansvarligt samt mærket med tydelige og valide certificeringer.<br /><br /><b>Om denne vare</b><br />REMA 1000 PEANUTS er en uundgåelig snack, som er let saltet og ristet i olie. Nødderne er nøje udvalgt for at finde den helt perfekte størrelse og smag.<br /><br /><b>Tip</b>: disse peanuts smager også skønt som knasende topping på salater og asiatiske retter.", "info": "", "images": [{"small": "https://rema-product-images.digital.rema1000.dk/79082/1-small-MBoN3dgqvA.webp", "medium": "https://rema-product-images.digital.rema1000.dk/79082/1-medium-MBoN3dgqvA.webp", "large": "https://rema-product-images.digital.rema1000.dk/79082/1-large-MBoN3dgqvA.webp"}], "prices": [{"price": 9.25, "price_over_max_quantity": null, "max_quantity": null, "is_advertised": false, "is_campaign": false, "starting_at": "2023-03-02T00:00:00+00:00", "ending_at": "2099-12-31T00:00:00+00:00", "deposit": null, "compare_unit": "kg", "compare_unit_price": 37, "consumption_unit": null, "consumption_quantity": null}], "temperature_zone": null, "is_self_scale_item": false, "is_weight_item": false, "is_available_in_all_stores": true, "is_batch_item": false}
{"id": 56, "name": "GL. FLÆSKESVÆR", "underline": "50 GR. / REMA 1000", "age_limit": null, "hazard_precaution_statements": [], "labels": [{"id": 2, "name": "REMA1000", "image": "https://static-assets.digital.rema1000.dk/product/labels/2-64.webp"}], "description": "<b>Discount med holdning</b><br />I REMA 1000 har vi fokus på kvalitet til lave priser og overskriften på vores arbejde er Discount med holdning.<br />  <br />Vi har en klar holdning til alle de varer, vi sælger. Vi stiller ikke kun krav til kvaliteten af vores egne mærkevarer – det er også vigtigt for os, at emballagerne er designet til genanvendelse, at indholdet er uden problematiske stoffer, og at varerne er produceret ansvarligt samt mærket med tydelige og valide certificeringer.<br /><br /><b>Om denne vare</b><br />REMA 1000 gammeldags flæskesvær er en god klassisk snack, lavet på en original opskrift og af gode råvarer, så du får sprøde og salte flæskesvær. Smager skønt, og er helt perfekte i snackskålen til hyggelige sammenkomster.", "info": "", "images": [{"small": "https://rema-product-images.digital.rema1000.dk/79092/1-small-OJq5BLn9pr.webp", "medium": "https://rema-product-images.digital.rema1000.dk/79092/1-medium-OJq5BLn9pr.webp", "large": "https://rema-product-images.digital.rema1000.dk/79092/1-large-OJq5BLn9pr.webp"}], "prices": [{"price": 7.5, "price_over_max_quantity": null, "max_quantity": null, "is_advertised": false, "is_campaign": false, "starting_at": "2022-12-29T00:00:00+00:00", "ending_at": "2099-12-31T00:00:00+00:00", "deposit": null, "compare_unit": "kg", "compare_unit_price": 150, "consumption_unit": null, "consumption_quantity": null}], "temperature_zone": null, "is_self_scale_item": false, "is_weight_item": false, "is_available_in_all_stores": true, "is_batch_item": false}
{"id": 57, "name": "LAGKAGEFLAG", "underline": "50 STK.", "age_limit": null, "hazard_precaution_statements": [], "labels": [], "description": null, "info": "", "images": [{"small": "https://rema-product-images.digital.rema1000.dk/794100/1-small-xePwmrnKqw.webp", "medium": "https://rema-product-images.digital.rema1000.dk/794100/1-medium-xePwmrnKqw.webp", "large": "https://rema-product-images.digital.rema1000.dk/794100/1-large-xePwmrnKqw.webp"}], "prices": [{"price": 10, "price_over_max_quantity": null, "max_quantity": null, "is_advertised": false, "is_campaign": false, "starting_at": "2006-09-12T00:00:00+00:00", "ending_at": "2099-12-31T00:00:00+00:00", "deposit": null, "compare_unit": "stk", "compare_unit_price": 0.2, "consumption_unit": null, "consumption_quantity": null}], "temperature_zone": null, "is_self_scale_item": false, "is_weight_item": false, "is_available_in_all_stores": true, "is_batch_item": false}
{"id": 58, "name": "BALLONER", "underline": "20 STK.", "age_limit": null, "hazard_precaution_statements": [], "labels": [], "description": null, "info": "", "images": [{"small": "https://rema-product-images.digital.rema1000.dk/794120/1-small-AKqeAdMMqp.webp", "medium": "https://rema-product-images.digital.rema1000.dk/794120/1-medium-AKqeAdMMqp.webp", "large": "https://rema-product-images.digital.rema1000.dk/794120/1-large-AKqeAdMMqp.webp"}], "prices": [{"price": 12, "price_over_max_quantity": null, "max_quantity": null, "is_advertised": false, "is_campaign": false, "starting_at": "2024-03-07T00:00:00+00:00", "ending_at": "2099-12-31T00:00:00+00:00", "deposit": null, "compare_unit": "stk", "compare_unit_price": 0.6, "consumption_unit": null, "consumption_quantity": null}], "temperature_zone": null, "is_self_scale_item": false, "is_weight_item": false, "is_available_in_all_stores": true, "is_batch_item": false}
{"id": 59, "name": "KAGELYS", "underline": "24 STK. / RØD OG HVID", "age_limit": null, "hazard_precaution_statements": [], "labels": [], "description": null, "info": "", "images": [{"small": "https://rema-product-images.digital.rema1000.dk/794141/1-small-we9E6xMLPg.webp", "medium": "https://rema-product-images.digital.rema1000.dk/794141/1-medium-we9E6xMLPg.webp", "large": "https://rema-product-images.digital.rema1000.dk/794141/1-large-we9E6xMLPg.webp"}], "prices": [{"price": 7, "price_over_max_quantity": null, "max_quantity": null, "is_advertised": false, "is_campaign": false, "starting_at": "2006-09-12T00:00:00+00:00", "ending_at": "2099-12-31T00:00:00+00:00", "deposit": null, "compare_unit": "stk", "compare_unit_price": 0.29, "consumption_unit": null, "consumption_quantity": null}], "temperature_zone": null, "is_self_scale_item": false, "is_weight_item": false, "is_available_in_all_stores": true, "is_batch_item": false}
{"id": 60, "name": "GAVEBÅND", "underline": "3 PK. / MED FLAG", "age_limit": null, "hazard_precaution_statements": [], "labels": [], "description": null, "info": "", "images": [{"small": "https://rema-product-images.digital.rema1000.dk/794146/1-small-kAonJGzaox.webp", "medium": "https://rema-product-images.digital.rema1000.dk/794146/1-medium-kAonJGzaox.webp", "large": "https://rema-product-images.digital.rema1000.dk/794146/1-large-kAonJGzaox.webp"}], "prices": [{"price": 9.95, "price_over_max_quantity": null, "max_quantity": null, "is_advertised": false, "is_campaign": false, "starting_at": "2023-08-10T00:00:00+00:00", "ending_at": "2099-12-31T00:00:00+00:00", "deposit": null, "compare_unit": "pk", "compare_unit_price": 3.32, "consumption_unit": null, "consumption_quantity": null}], "temperature_zone": null, "is_self_scale_item": false, "is_weight_item": false, "is_available_in_all_stores": true, "is_batch_item": false}
{"id": 61, "name": "KAGELYS MULTIFARVET", "underline": "16 STK. / MED HOLDER", "age_limit": null, "hazard_precaution_statements": [], "labels": [], "description": null, "info": "", "images": [{"small": "https://rema-product-images.digital.rema1000.dk/794148/1-small-OJq5VkRK9p.webp", "medium": "https://rema-product-images.digital.rema1000.dk/794148/1-medium-OJq5VkRK9p.webp", "large": "https://rema-product-images.digital.rema1000.dk/794148/1-large-OJq5VkRK9p.webp"}], "prices": [{"price": 15, "price_over_max_quantity": null, "max_quantity": null, "is_advertised": false, "is_campaign": false, "starting_at": "2023-05-16T00:00:00+00:00", "ending_at": "2099-12-31T00:00:00+00:00", "deposit": null, "compare_unit": "stk", "compare_unit_price": 0.94, "consumption_unit": null, "consumption_quantity": null}], "temperature_zone": null, "is_self_scale_item": false, "is_weight_item": false, "is_available_in_all_stores": true, "is_batch_item": false}
{"id": 62, "name": "KAGELYS MED HOLDER", "underline": "16 STK. / GLIMMER", "age_limit": null, "hazard_precaution_statements": [], "labels": [], "description": null, "info": "", "images": [{"small": "https://rema-product-images.digital.rema1000.dk/794149/1-small-xQq8OeEnoZ.webp", "medium": "https://rema-product-images.digital.rema1000.dk/794149/1-medium-xQq8OeEnoZ.webp", "large": "https://rema-product-images.digital.rema1000.dk/794149/1-large-xQq8OeEnoZ.webp"}], "prices": [{"price": 15, "price_over_max_quantity": null, "max_quantity": null, "is_advertised": false, "is_campaign": false, "starting_at": "2023-05-16T00:00:00+00:00", "ending_at": "2099-12-31T00:00:00+00:00", "deposit": null, "compare_unit": "stk", "compare_unit_price": 0.94, "consumption_unit": null, "consumption_quantity": null}], "temperature_zone": null, "is_self_scale_item": false, "is_weight_item": false, "is_available_in_all_stores": true, "is_batch_item": false}
{"id": 63, "name": "RULLEDUG", "underline": "5 MTR. / MED FLAG", "age_limit": null, "hazard_precaution_statements": [], "labels": [], "description": null, "info": "", "images": [{"small": "https://rema-product-images.digital.rema1000.dk/794160/1-small-6xqA1A18qD.webp", "medium": "https://rema-product-images.digital.rema1000.dk/794160/1-medium-6xqA1A18qD.webp", "large": "https://rema-product-images.digital.rema1000.dk/794160/1-large-6xqA1A18qD.webp"}], "prices": [{"price": 26, "price_over_max_quantity": null, "max_quantity": null, "is_advertised": false, "is_campaign": false, "starting_at": "2023-01-05T00:00:00+00:00", "ending_at": "2099-12-31T00:00:00+00:00", "deposit": null, "compare_unit": "mtr", "compare_unit_price": 5.2, "consumption_unit": null, "consumption_quantity": null}], "temperature_zone": null, "is_self_scale_item": false, "is_weight_item": false, "is_available_in_all_stores": false, "is_batch_item": false}
{"id": 64, "name": "MINI LYS MED FLAG", "underline": "4 STK. / 4X6 CM", "age_limit": null, "hazard_precaution_statements": [], "labels": [], "description": null, "info": "", "images": [{"small": "https://rema-product-images.digital.rema1000.dk/794522/1-small-pyoz4KQK9X.webp", "medium": "https://rema-product-images.digital.rema1000.dk/794522/1-medium-pyoz4KQK9X.webp", "large": "https://rema-product-images.digital.rema1000.dk/794522/1-large-pyoz4KQK9X.webp"}], "prices": [{"price": 29, "price_over_max_quantity": null, "max_quantity": null, "is_advertised": false, "is_campaign": false, "starting_at": "2024-05-07T00:00:00+00:00", "ending_at": "2099-12-31T00:00:00+00:00", "deposit": null, "compare_unit": "stk", "compare_unit_price": 7.25, "consumption_unit": null, "consumption_quantity": null}], "temperature_zone": null, "is_self_scale_item": false, "is_weight_item": false, "is_available_in_all_stores": true, "is_batch_item": false}
{"id": 65, "name": "BLOKLYS Ø6,8X16 CM", "underline": "1 STK. / GAMMEL ROSA", "age_limit": null, "hazard_precaution_statements": [], "labels": [], "description": null, "info": "", "images": [{"small": "https://rema-product-images.digital.rema1000.dk/794571/1-small-OW9O67v3qg.webp", "medium": "https://rema-product-images.digital.rema1000.dk/794571/1-medium-OW9O67v3qg.webp", "large": "https://rema-product-images.digital.rema1000.dk/794571/1-large-OW9O67v3qg.webp"}], "prices": [{"price": 22, "price_over_max_quantity": null, "max_quantity": null, "is_advertised": false, "is_campaign": false, "starting_at": "2024-04-08T00:00:00+00:00", "ending_at": "2099-12-31T00:00:00+00:00", "deposit": null, "compare_unit": "stk", "compare_unit_price": 22, "consumption_unit": null, "consumption_quantity": null}], "temperature_zone": null, "is_self_scale_item": false, "is_weight_item": false, "is_available_in_all_stores": true, "is_batch_item": false}
{"id": 66, "name": "BLOKLYS Ø7,8X15 CM", "underline": "1 STK. / HVID", "age_limit": null, "hazard_precaution_statements": [], "labels": [], "description": null, "info": "", "images": [{"small": "https://rema-product-images.digital.rema1000.dk/794587/1-small-dyomydaAoV.webp", "medium": "https://rema-product-images.digital.rema1000.dk/794587/1-medium-dyomydaAoV.webp", "large": "https://rema-product-images.digital.rema1000.dk/794587/1-large-dyomydaAoV.webp"}], "prices": [{"price": 24, "price_over_max_quantity": null, "max_quantity": null, "is_advertised": false, "is_campaign": false, "starting_at": "2024-04-08T00:00:00+00:00", "ending_at": "2099-12-31T00:00:00+00:00", "deposit": null, "compare_unit": "stk", "compare_unit_price": 24, "consumption_unit": null, "consumption_quantity": null}], "temperature_zone": null, "is_self_scale_item": false, "is_weight_item": false, "is_available_in_all_stores": true, "is_batch_item": false}
{"id": 67, "name": "BLOKLYS 5,8X15 CM", "underline": "1 STK. / GAMMEL ROSA", "age_limit": null, "hazard_precaution_statements": [], "labels": [], "description": null, "info": "", "images": [{"small": "https://rema-product-images.digital.rema1000.dk/794589/1-small-ElPBjABXPk.webp", "medium": "https://rema-product-images.digital.rema1000.dk/794589/1-medium-ElPBjABXPk.webp", "large": "https://rema-product-images.digital.rema1000.dk/794589/1-large-ElPBjABXPk.webp"}], "prices": [{"price": 15, "price_over_max_quantity": null, "max_quantity": null, "is_advertised": false, "is_campaign": false, "starting_at": "2024-04-08T00:00:00+00:00", "ending_at": "2099-12-31T00:00:00+00:00", "deposit": null, "compare_unit": "stk", "compare_unit_price": 15, "consumption_unit": null, "consumption_quantity": null}], "temperature_zone": null, "is_self_scale_item": false, "is_weight_item": false, "is_available_in_all_stores": true, "is_batch_item": false}
{"id": 68, "name": "BLOKLYS Ø5,8X15 CM", "underline": "1 STK. / STØVET GRØN", "age_limit": null, "hazard_precaution_statements": [], "labels": [], "description": null, "info": "", "images": [{"small": "https://rema-product-images.digital.rema1000.dk/794591/1-small-3MoMarX7o5.webp", "medium": "https://rema-product-images.digital.rema1000.dk/794591/1-medium-3MoMarX7o5.webp", "large": "https://rema-product-images.digital.rema1000.dk/794591/1-large-3MoMarX7o5.webp"}], "prices": [{"price": 15, "price_over_max_quantity": null, "max_quantity": null, "is_advertised": false, "is_campaign": false, "starting_at": "2024-04-08T00:00:00+00:00", "ending_at": "2099-12-31T00:00:00+00:00", "deposit": null, "compare_unit": "stk", "compare_unit_price": 15, "consumption_unit": null, "consumption_quantity": null}], "temperature_zone": null, "is_self_scale_item": false, "is_weight_item": false, "is_available_in_all_stores": true, "is_batch_item": false}
{"id": 69, "name": "KRONELYS 24 CM", "underline": "8 STK. / HVID", "age_limit": null, "hazard_precaution_statements": [], "labels": [], "description": null, "info": "", "images": [{"small": "https://rema-product-images.digital.rema1000.dk/794693/1-small-xQq8OeQOoZ.webp", "medium": "https://rema-product-images.digital.rema1000.dk/794693/1-medium-xQq8OeQOoZ.webp", "large": "https://rema-product-images.digital.rema1000.dk/794693/1-large-xQq8OeQOoZ.webp"}], "prices": [{"price": 30, "price_over_max_quantity": null, "max_quantity": null, "is_advertised": false, "is_campaign": false, "starting_at": "2024-03-21T00:00:00+00:00", "ending_at": "2099-12-31T00:00:00+00:00", "deposit": null, "compare_unit": "stk", "compare_unit_price": 3.75, "consumption_unit": null, "consumption_quantity": null}], "temperature_zone": null, "is_self_scale_item": false, "is_weight_item": false, "is_available_in_all_stores": true, "is_batch_item": false}
{"id": 70, "name": "KRONELYS HVID", "underline": "15 STK.", "age_limit": null, "hazard_precaution_statements": [], "labels": [{"id": 42, "name": "Svanemærket", "image": "https://static-assets.digital.rema1000.dk/product/labels/42-64.webp"}], "description": null, "info": "", "images": [{"small": "https://rema-product-images.digital.rema1000.dk/794705/1-small-xQq8OeQQoZ.webp", "medium": "https://rema-product-images.digital.rema1000.dk/794705/1-medium-xQq8OeQQoZ.webp", "large": "https://rema-product-images.digital.rema1000.dk/794705/1-large-xQq8OeQQoZ.webp"}], "prices": [{"price": 39, "price_over_max_quantity": null, "max_quantity": null, "is_advertised": false, "is_campaign": false, "starting_at": "2024-01-04T00:00:00+00:00", "ending_at": "2099-12-31T00:00:00+00:00", "deposit": null, "compare_unit": "stk", "compare_unit_price": 2.6, "consumption_unit": null, "consumption_quantity": null}], "temperature_zone": null, "is_self_scale_item": false, "is_weight_item": false, "is_available_in_all_stores": true, "is_batch_item": false}
{"id": 71, "name": "BLOKLYS Ø7,8X18 CM", "underline": "1 STK. / HVID", "age_limit": null, "hazard_precaution_statements": [], "labels": [], "description": null, "info": "", "images": [{"small": "https://rema-product-images.digital.rema1000.dk/794720/1-small-AKqeAdgYqp.webp", "medium": "https://rema-product-images.digital.rema1000.dk/794720/1-medium-AKqeAdgYqp.webp", "large": "https://rema-product-images.digital.rema1000.dk/794720/1-large-AKqeAdgYqp.webp"}], "prices": [{"price": 29, "price_over_max_quantity": null, "max_quantity": null, "is_advertised": false, "is_campaign": false, "starting_at": "2024-04-08T00:00:00+00:00", "ending_at": "2099-12-31T00:00:00+00:00", "deposit": null, "compare_unit": "stk", "compare_unit_price": 29, "consumption_unit": null, "consumption_quantity": null}], "temperature_zone": null, "is_self_scale_item": false, "is_weight_item": false, "is_available_in_all_stores": true, "is_batch_item": false}
{"id": 72, "name": "BLOKLYS Ø6X10CM", "underline": "1 STK. / RUSTIK ROSA", "age_limit": null, "hazard_precaution_statements": [], "labels": [], "description": null, "info": "", "images": [{"small": "https://rema-product-images.digital.rema1000.dk/794725/1-small-Ea91jO4RPz.webp", "medium": "https://rema-product-images.digital.rema1000.dk/794725/1-medium-Ea91jO4RPz.webp", "large": "https://rema-product-images.digital.rema1000.dk/794725/1-large-Ea91jO4RPz.webp"}], "prices": [{"price": 19, "price_over_max_quantity": null, "max_quantity": null, "is_advertised": false, "is_campaign": false, "starting_at": "2022-05-12T00:00:00+00:00", "ending_at": "2099-12-31T00:00:00+00:00", "deposit": null, "compare_unit": "stk", "compare_unit_price": 19, "consumption_unit": null, "consumption_quantity": null}], "temperature_zone": null, "is_self_scale_item": false, "is_weight_item": false, "is_available_in_all_stores": true, "is_batch_item": false}
{"id": 73, "name": "BLOKLYS Ø6X10 CM", "underline": "1 STK. / RUSTIK BLÅ", "age_limit": null, "hazard_precaution_statements": [], "labels": [], "description": null, "info": "", "images": [{"small": "https://rema-product-images.digital.rema1000.dk/794726/1-small-kOq3OkeNq6.webp", "medium": "https://rema-product-images.digital.rema1000.dk/794726/1-medium-kOq3OkeNq6.webp", "large": "https://rema-product-images.digital.rema1000.dk/794726/1-large-kOq3OkeNq6.webp"}], "prices": [{"price": 19, "price_over_max_quantity": null, "max_quantity": null, "is_advertised": false, "is_campaign": false, "starting_at": "2022-05-12T00:00:00+00:00", "ending_at": "2099-12-31T00:00:00+00:00", "deposit": null, "compare_unit": "stk", "compare_unit_price": 19, "consumption_unit": null, "consumption_quantity": null}], "temperature_zone": null, "is_self_scale_item": false, "is_weight_item": false, "is_available_in_all_stores": true, "is_batch_item": false}
{"id": 74, "name": "BLOKLYS Ø6X13 CM", "underline": "1 STK. / RUSTIK BLÅ", "age_limit": null, "hazard_precaution_statements": [], "labels": [], "description": null, "info": "", "images": [{"small": "https://rema-product-images.digital.rema1000.dk/794742/1-small-A4PyZ7R7oL.webp", "medium": "https://rema-product-images.digital.rema1000.dk/794742/1-medium-A4PyZ7R7oL.webp", "large": "https://rema-product-images.digital.rema1000.dk/794742/1-large-A4PyZ7R7oL.webp"}], "prices": [{"price": 25, "price_over_max_quantity": null, "max_quantity": null, "is_advertised": false, "is_campaign": false, "starting_at": "2022-05-12T00:00:00+00:00", "ending_at": "2099-12-31T00:00:00+00:00", "deposit": null, "compare_unit": "stk", "compare_unit_price": 25, "consumption_unit": null, "consumption_quantity": null}], "temperature_zone": null, "is_self_scale_item": false, "is_weight_item": false, "is_available_in_all_stores": true, "is_batch_item": false}
{"id": 75, "name": "BLOKLYS Ø6X13CM", "underline": "1 STK. / RUSTIK GRØN", "age_limit": null, "hazard_precaution_statements": [], "labels": [], "description": null, "info": "", "images": [{"small": "https://rema-product-images.digital.rema1000.dk/794744/1-small-xePwmrbvqw.webp", "medium": "https://rema-product-images.digital.rema1000.dk/794744/1-medium-xePwmrbvqw.webp", "large": "https://rema-product-images.digital.rema1000.dk/794744/1-large-xePwmrbvqw.webp"}], "prices": [{"price": 25, "price_over_max_quantity": null, "max_quantity": null, "is_advertised": false, "is_campaign": false, "starting_at": "2022-05-12T00:00:00+00:00", "ending_at": "2099-12-31T00:00:00+00:00", "deposit": null, "compare_unit": "stk", "compare_unit_price": 25, "consumption_unit": null, "consumption_quantity": null}], "temperature_zone": null, "is_self_scale_item": false, "is_weight_item": false, "is_available_in_all_stores": true, "is_batch_item": false}
{"id": 76, "name": "MIDDAGSSERVIET", "underline": "100 PK. / 3-LAGS, 40X40 CM", "age_limit": null, "hazard_precaution_statements": [], "labels": [{"id": 42, "name": "Svanemærket", "image": "https://static-assets.digital.rema1000.dk/product/labels/42-64.webp"}], "description": null, "info": "", "images": [{"small": "https://rema-product-images.digital.rema1000.dk/794801/1-small-ElPBjAylPk.webp", "medium": "https://rema-product-images.digital.rema1000.dk/794801/1-medium-ElPBjAylPk.webp", "large": "https://rema-product-images.digital.rema1000.dk/794801/1-large-ElPBjAylPk.webp"}], "prices": [{"price": 34, "price_over_max_quantity": null, "max_quantity": null, "is_advertised": false, "is_campaign": false, "starting_at": "2023-05-11T00:00:00+00:00", "ending_at": "2099-12-31T00:00:00+00:00", "deposit": null, "compare_unit": "pk", "compare_unit_price": 0.34, "consumption_unit": null, "consumption_quantity": null}], "temperature_zone": null, "is_self_scale_item": false, "is_weight_item": false, "is_available_in_all_stores": true, "is_batch_item": false}
{"id": 77, "name": "MAXI FYRFADSLYS", "underline": "12 PK. / BRÆNDETID 10 TIMER", "age_limit": null, "hazard_precaution_statements": [], "labels": [], "description": null, "info": "", "images": [{"small": "https://rema-product-images.digital.rema1000.dk/794807/1-small-v09gJdn0qA.webp", "medium": "https://rema-product-images.digital.rema1000.dk/794807/1-medium-v09gJdn0qA.webp", "large": "https://rema-product-images.digital.rema1000.dk/794807/1-large-v09gJdn0qA.webp"}], "prices": [{"price": 25, "price_over_max_quantity": null, "max_quantity": null, "is_advertised": false, "is_campaign": false, "starting_at": "2025-01-02T00:00:00+00:00", "ending_at": "2099-12-31T00:00:00+00:00", "deposit": null, "compare_unit": "pk", "compare_unit_price": 2.08, "consumption_unit": null, "consumption_quantity": null}], "temperature_zone": null, "is_self_scale_item": false, "is_weight_item": false, "is_available_in_all_stores": true, "is_batch_item": false}
{"id": 78, "name": "SERVIETTER", "underline": "50 PK. / 3-LAGS, 33X33CM", "age_limit": null, "hazard_precaution_statements": [], "labels": [{"id": 42, "name": "Svanemærket", "image": "https://static-assets.digital.rema1000.dk/product/labels/42-64.webp"}], "description": null, "info": "", "images": [{"small": "https://rema-product-images.digital.rema1000.dk/794852/1-small-NpP7pe5VoO.webp", "medium": "https://rema-product-images.digital.rema1000.dk/794852/1-medium-NpP7pe5VoO.webp", "large": "https://rema-product-images.digital.rema1000.dk/794852/1-large-NpP7pe5VoO.webp"}], "prices": [{"price": 15, "price_over_max_quantity": null, "max_quantity": null, "is_advertised": false, "is_campaign": false, "starting_at": "2022-04-28T00:00:00+00:00", "ending_at": "2099-12-31T00:00:00+00:00", "deposit": null, "compare_unit": "pk", "compare_unit_price": 0.3, "consumption_unit": null, "consumption_quantity": null}], "temperature_zone": null, "is_self_scale_item": false, "is_weight_item": false, "is_available_in_all_stores": true, "is_batch_item": false}
{"id": 79, "name": "SERVIETTER MED FLAG", "underline": "50 STK. / 33X33 CM, 3-LAGS", "age_limit": null, "hazard_precaution_statements": [], "labels": [{"id": 42, "name": "Svanemærket", "image": "https://static-assets.digital.rema1000.dk/product/labels/42-64.webp"}], "description": null, "info": "", "images": [{"small": "https://rema-product-images.digital.rema1000.dk/794861/1-small-Z8qpydml93.webp", "medium": "https://rema-product-images.digital.rema1000.dk/794861/1-medium-Z8qpydml93.webp", "large": "https://rema-product-images.digital.rema1000.dk/794861/1-large-Z8qpydml93.webp"}], "prices": [{"price": 21.95, "price_over_max_quantity": null, "max_quantity": null, "is_advertised": false, "is_campaign": false, "starting_at": "2023-04-20T00:00:00+00:00", "ending_at": "2099-12-31T00:00:00+00:00", "deposit": null, "compare_unit": "stk", "compare_unit_price": 0.44, "consumption_unit": null, "consumption_quantity": null}], "temperature_zone": null, "is_self_scale_item": false, "is_weight_item": false, "is_available_in_all_stores": true, "is_batch_item": false}
{"id": 80, "name": "BLD. SMÅKAGER", "underline": "500 GR. / REMA 1000", "age_limit": null, "hazard_precaution_statements": [], "labels": [{"id": 2, "name": "REMA1000", "image": "https://static-assets.digital.rema1000.dk/product/labels/2-64.webp"}, {"id": 95, "name": "Rainforest Alliance", "image": "https://static-assets.digital.rema1000.dk/product/labels/95-64.webp"}], "description": null, "info": "", "images": [{"small": "https://rema-product-images.digital.rema1000.dk/79981/1-small-JzPJQ0J9kb.webp", "medium": "https://rema-product-images.digital.rema1000.dk/79981/1-medium-JzPJQ0J9kb.webp", "large": "https://rema-product-images.digital.rema1000.dk/79981/1-large-JzPJQ0J9kb.webp"}], "prices": [{"price": 16, "price_over_max_quantity": null, "max_quantity": null, "is_advertised": false, "is_campaign": false, "starting_at": "2024-01-02T00:00:00+00:00", "ending_at": "2099-12-31T00:00:00+00:00", "deposit": null, "compare_unit": "kg", "compare_unit_price": 32, "consumption_unit": null, "consumption_quantity": null}], "temperature_zone": null, "is_self_scale_item": false, "is_weight_item": false, "is_available_in_all_stores": true, "is_batch_item": false}
{"id": 81, "name": "DAME GOLF SOK", "underline": "3 PAR / STR. 37-41, MODE", "age_limit": null, "hazard_precaution_statements": [], "labels": [], "description": null, "info": "", "images": [{"small": "https://rema-product-images.digital.rema1000.dk/800321/1-small-bJ9Y0ZZpqL.webp", "medium": "https://rema-product-images.digital.rema1000.dk/800321/1-medium-bJ9Y0ZZpqL.webp", "large": "https://rema-product-images.digital.rema1000.dk/800321/1-large-bJ9Y0ZZpqL.webp"}], "prices": [{"price": 29, "price_over_max_quantity": null, "max_quantity": null, "is_advertised": false, "is_campaign": false, "starting_at": "2020-04-02T00:00:00+00:00", "ending_at": "2099-12-31T00:00:00+00:00", "deposit": null, "compare_unit": "par", "compare_unit_price": 9.67, "consumption_unit": null, "consumption_quantity": null}], "temperature_zone": null, "is_self_scale_item": false, "is_weight_item": false, "is_available_in_all_stores": true, "is_batch_item": false}
{"id": 82, "name": "PAKSU PEPE XXL", "underline": "80 GR. / PANDA, ORIGINAL", "age_limit": null, "hazard_precaution_statements": [], "labels": [], "description": null, "info": "", "images": [{"small": "https://rema-product-images.digital.rema1000.dk/80098/1-small-Al90vgBo8w.webp", "medium": "https://rema-product-images.digital.rema1000.dk/80098/1-medium-Al90vgBo8w.webp", "large": "https://rema-product-images.digital.rema1000.dk/80098/1-large-Al90vgBo8w.webp"}], "prices": [{"price": 10, "price_over_max_quantity": null, "max_quantity": null, "is_advertised": false, "is_campaign": false, "starting_at": "2022-02-09T00:00:00+00:00", "ending_at": "2099-12-31T00:00:00+00:00", "deposit": null, "compare_unit": "kg", "compare_unit_price": 125, "consumption_unit": null, "consumption_quantity": null}], "temperature_zone": null, "is_self_scale_item": false, "is_weight_item": false, "is_available_in_all_stores": true, "is_batch_item": false}
{"id": 83, "name": "SALMIAK PASTILLER", "underline": "25 GR. / FISHERMAN'S FRIEND", "age_limit": null, "hazard_precaution_statements": [], "labels": [{"id": 31, "name": "Ikke tilsat sukker", "image": "https://static-assets.digital.rema1000.dk/product/labels/31-64.webp"}], "description": null, "info": "", "images": [{"small": "https://rema-product-images.digital.rema1000.dk/80140/1-small-rQqQraY9ea.webp", "medium": "https://rema-product-images.digital.rema1000.dk/80140/1-medium-rQqQraY9ea.webp", "large": "https://rema-product-images.digital.rema1000.dk/80140/1-large-rQqQraY9ea.webp"}], "prices": [{"price": 13.95, "price_over_max_quantity": null, "max_quantity": null, "is_advertised": false, "is_campaign": false, "starting_at": "2024-07-04T00:00:00+00:00", "ending_at": "2099-12-31T00:00:00+00:00", "deposit": null, "compare_unit": "kg", "compare_unit_price": 558, "consumption_unit": null, "consumption_quantity": null}], "temperature_zone": null, "is_self_scale_item": false, "is_weight_item": false, "is_available_in_all_stores": true, "is_batch_item": false}
{"id": 84, "name": "KARAMELLER", "underline": "150 GR. / REMA 1000", "age_limit": null, "hazard_precaution_statements": [], "labels": [{"id": 9001, "name": "Avisvare", "image": "https://static-assets.digital.rema1000.dk/product/labels/9001-64.webp"}, {"id": 2, "name": "REMA1000", "image": "https://static-assets.digital.rema1000.dk/product/labels/2-64.webp"}], "description": null, "info": "", "images": [{"small": "https://rema-product-images.digital.rema1000.dk/80147/1-small-3MoMnAyq5E.webp", "medium": "https://rema-product-images.digital.rema1000.dk/80147/1-medium-3MoMnAyq5E.webp", "large": "https://rema-product-images.digital.rema1000.dk/80147/1-large-3MoMnAyq5E.webp"}], "prices": [{"price": 15, "price_over_max_quantity": null, "max_quantity": null, "is_advertised": true, "is_campaign": true, "starting_at": "2025-08-17T00:00:00+00:00", "ending_at": "2025-08-23T00:00:00+00:00", "deposit": null, "compare_unit": "kg", "compare_unit_price": 100, "consumption_unit": null, "consumption_quantity": null}, {"price": 22.95, "price_over_max_quantity": null, "max_quantity": null, "is_advertised": false, "is_campaign": false, "starting_at": "2025-08-24T00:00:00+00:00", "ending_at": "2099-12-31T00:00:00+00:00", "deposit": null, "compare_unit": "kg", "compare_unit_price": 153, "consumption_unit": null, "consumption_quantity": null}], "temperature_zone": null, "is_self_scale_item": false, "is_weight_item": false, "is_available_in_all_stores": true, "is_batch_item": false}
{"id": 85, "name": "WEEKENDMIX", "underline": "230 GR. / REMA 1000", "age_limit": null, "hazard_precaution_statements": [], "labels": [{"id": 2, "name": "REMA1000", "image": "https://static-assets.digital.rema1000.dk/product/labels/2-64.webp"}], "description": null, "info": "", "images": [{"small": "https://rema-product-images.digital.rema1000.dk/80161/1-small-Z8qpJGYP3N.webp", "medium": "https://rema-product-images.digital.rema1000.dk/80161/1-medium-Z8qpJGYP3N.webp", "large": "https://rema-product-images.digital.rema1000.dk/80161/1-large-Z8qpJGYP3N.webp"}], "prices": [{"price": 24.95, "price_over_max_quantity": null, "max_quantity": null, "is_advertised": false, "is_campaign": false, "starting_at": "2023-02-09T00:00:00+00:00", "ending_at": "2099-12-31T00:00:00+00:00", "deposit": null, "compare_unit": "kg", "compare_unit_price": 108.48, "consumption_unit": null, "consumption_quantity": null}], "temperature_zone": null, "is_self_scale_item": false, "is_weight_item": false, "is_available_in_all_stores": true, "is_batch_item": false}
{"id": 86, "name": "FLØDEBOLLER", "underline": "200 GR. / REMA 1000", "age_limit": null, "hazard_precaution_statements": [], "labels": [{"id": 2, "name": "REMA1000", "image": "https://static-assets.digital.rema1000.dk/product/labels/2-64.webp"}, {"id": 95, "name": "Rainforest Alliance", "image": "https://static-assets.digital.rema1000.dk/product/labels/95-64.webp"}], "description": null, "info": "", "images": [{"small": "https://rema-product-images.digital.rema1000.dk/80176/1-small-nDPWXeGoWa.webp", "medium": "https://rema-product-images.digital.rema1000.dk/80176/1-medium-nDPWXeGoWa.webp", "large": "https://rema-product-images.digital.rema1000.dk/80176/1-large-nDPWXeGoWa.webp"}], "prices": [{"price": 20.95, "price_over_max_quantity": null, "max_quantity": null, "is_advertised": false, "is_campaign": false, "starting_at": "2025-06-05T00:00:00+00:00", "ending_at": "2099-12-31T00:00:00+00:00", "deposit": null, "compare_unit": "kg", "compare_unit_price": 104.75, "consumption_unit": null, "consumption_quantity": null}], "temperature_zone": null, "is_self_scale_item": false, "is_weight_item": false, "is_available_in_all_stores": true, "is_batch_item": false}
{"id": 87, "name": "FRESH DROPS", "underline": "75 GR. / REMA 1000", "age_limit": null, "hazard_precaution_statements": [], "labels": [{"id": 2, "name": "REMA1000", "image": "https://static-assets.digital.rema1000.dk/product/labels/2-64.webp"}, {"id": 31, "name": "Ikke tilsat sukker", "image": "https://static-assets.digital.rema1000.dk/product/labels/31-64.webp"}], "description": null, "info": "", "images": [{"small": "https://rema-product-images.digital.rema1000.dk/80187/1-small-dyomGaD9Vm.webp", "medium": "https://rema-product-images.digital.rema1000.dk/80187/1-medium-dyomGaD9Vm.webp", "large": "https://rema-product-images.digital.rema1000.dk/80187/1-large-dyomGaD9Vm.webp"}], "prices": [{"price": 12.95, "price_over_max_quantity": null, "max_quantity": null, "is_advertised": false, "is_campaign": false, "starting_at": "2022-12-01T00:00:00+00:00", "ending_at": "2099-12-31T00:00:00+00:00", "deposit": null, "compare_unit": "kg", "compare_unit_price": 172.67, "consumption_unit": null, "consumption_quantity": null}], "temperature_zone": null, "is_self_scale_item": false, "is_weight_item": false, "is_available_in_all_stores": true, "is_batch_item": false}
{"id": 88, "name": "LIQOURICE DROPS", "underline": "75 GR. / REMA 1000", "age_limit": null, "hazard_precaution_statements": [], "labels": [{"id": 2, "name": "REMA1000", "image": "https://static-assets.digital.rema1000.dk/product/labels/2-64.webp"}, {"id": 31, "name": "Ikke tilsat sukker", "image": "https://static-assets.digital.rema1000.dk/product/labels/31-64.webp"}], "description": null, "info": "", "images": [{"small": "https://rema-product-images.digital.rema1000.dk/80188/1-small-xePwMw1qw8.webp", "medium": "https://rema-product-images.digital.rema1000.dk/80188/1-medium-xePwMw1qw8.webp", "large": "https://rema-product-images.digital.rema1000.dk/80188/1-large-xePwMw1qw8.webp"}], "prices": [{"price": 12.95, "price_over_max_quantity": null, "max_quantity": null, "is_advertised": false, "is_campaign": false, "starting_at": "2022-12-01T00:00:00+00:00", "ending_at": "2099-12-31T00:00:00+00:00", "deposit": null, "compare_unit": "kg", "compare_unit_price": 172.67, "consumption_unit": null, "consumption_quantity": null}], "temperature_zone": null, "is_self_scale_item": false, "is_weight_item": false, "is_available_in_all_stores": true, "is_batch_item": false}
{"id": 89, "name": "LØRDAGSLAKRIDS", "underline": "230 GR. / REMA 1000", "age_limit": null, "hazard_precaution_statements": [], "labels": [{"id": 2, "name": "REMA1000", "image": "https://static-assets.digital.rema1000.dk/product/labels/2-64.webp"}], "description": null, "info": "", "images": [{"small": "https://rema-product-images.digital.rema1000.dk/80199/1-small-A5qVVekqaQ.webp", "medium": "https://rema-product-images.digital.rema1000.dk/80199/1-medium-A5qVVekqaQ.webp", "large": "https://rema-product-images.digital.rema1000.dk/80199/1-large-A5qVVekqaQ.webp"}], "prices": [{"price": 24.95, "price_over_max_quantity": null, "max_quantity": null, "is_advertised": false, "is_campaign": false, "starting_at": "2023-02-09T00:00:00+00:00", "ending_at": "2099-12-31T00:00:00+00:00", "deposit": null, "compare_unit": "kg", "compare_unit_price": 108.48, "consumption_unit": null, "consumption_quantity": null}], "temperature_zone": null, "is_self_scale_item": false, "is_weight_item": false, "is_available_in_all_stores": true, "is_batch_item": false}
{"id": 90, "name": "WEST DROPS", "underline": "170 GR. / NØRREGADE", "age_limit": null, "hazard_precaution_statements": [], "labels": [], "description": null, "info": "", "images": [{"small": "https://rema-product-images.digital.rema1000.dk/80258/1-small-3MovnDwoAb.webp", "medium": "https://rema-product-images.digital.rema1000.dk/80258/1-medium-3MovnDwoAb.webp", "large": "https://rema-product-images.digital.rema1000.dk/80258/1-large-3MovnDwoAb.webp"}], "prices": [{"price": 20, "price_over_max_quantity": null, "max_quantity": null, "is_advertised": false, "is_campaign": false, "starting_at": "2020-10-01T00:00:00+00:00", "ending_at": "2099-12-31T00:00:00+00:00", "deposit": null, "compare_unit": "kg", "compare_unit_price": 117.65, "consumption_unit": null, "consumption_quantity": null}], "temperature_zone": null, "is_self_scale_item": false, "is_weight_item": false, "is_available_in_all_stores": true, "is_batch_item": false}
{"id": 91, "name": "PEPPERMINT GUM", "underline": "60 GR. / REMA 1000", "age_limit": null, "hazard_precaution_statements": [], "labels": [{"id": 2, "name": "REMA1000", "image": "https://static-assets.digital.rema1000.dk/product/labels/2-64.webp"}, {"id": 31, "name": "Ikke tilsat sukker", "image": "https://static-assets.digital.rema1000.dk/product/labels/31-64.webp"}], "description": null, "info": "", "images": [{"small": "https://rema-product-images.digital.rema1000.dk/80338/1-small-MBoNMxWPvA.webp", "medium": "https://rema-product-images.digital.rema1000.dk/80338/1-medium-MBoNMxWPvA.webp", "large": "https://rema-product-images.digital.rema1000.dk/80338/1-large-MBoNMxWPvA.webp"}], "prices": [{"price": 12.95, "price_over_max_quantity": null, "max_quantity": null, "is_advertised": false, "is_campaign": false, "starting_at": "2023-08-03T00:00:00+00:00", "ending_at": "2099-12-31T00:00:00+00:00", "deposit": null, "compare_unit": "kg", "compare_unit_price": 215.83, "consumption_unit": null, "consumption_quantity": null}], "temperature_zone": null, "is_self_scale_item": false, "is_weight_item": false, "is_available_in_all_stores": true, "is_batch_item": false}
{"id": 92, "name": "SPEARMINT GUM", "underline": "60 GR. / REMA 1000", "age_limit": null, "hazard_precaution_statements": [], "labels": [{"id": 2, "name": "REMA1000", "image": "https://static-assets.digital.rema1000.dk/product/labels/2-64.webp"}, {"id": 31, "name": "Ikke tilsat sukker", "image": "https://static-assets.digital.rema1000.dk/product/labels/31-64.webp"}], "description": null, "info": "", "images": [{"small": "https://rema-product-images.digital.rema1000.dk/80359/1-small-KpqRgeN9Lz.webp", "medium": "https://rema-product-images.digital.rema1000.dk/80359/1-medium-KpqRgeN9Lz.webp", "large": "https://rema-product-images.digital.rema1000.dk/80359/1-large-KpqRgeN9Lz.webp"}], "prices": [{"price": 12.95, "price_over_max_quantity": null, "max_quantity": null, "is_advertised": false, "is_campaign": false, "starting_at": "2023-08-03T00:00:00+00:00", "ending_at": "2099-12-31T00:00:00+00:00", "deposit": null, "compare_unit": "kg", "compare_unit_price": 215.83, "consumption_unit": null, "consumption_quantity": null}], "temperature_zone": null, "is_self_scale_item": false, "is_weight_item": false, "is_available_in_all_stores": true, "is_batch_item": false}
{"id": 93, "name": "STANG MIX", "underline": "275 GR. / TOMS", "age_limit": null, "hazard_precaution_statements": [], "labels": [], "description": null, "info": "", "images": [{"small": "https://rema-product-images.digital.rema1000.dk/80405/1-small-xQq8zy2PZd.webp", "medium": "https://rema-product-images.digital.rema1000.dk/80405/1-medium-xQq8zy2PZd.webp", "large": "https://rema-product-images.digital.rema1000.dk/80405/1-large-xQq8zy2PZd.webp"}], "prices": [{"price": 27.5, "price_over_max_quantity": null, "max_quantity": null, "is_advertised": false, "is_campaign": true, "starting_at": "2025-08-07T00:00:00+00:00", "ending_at": "2025-09-03T00:00:00+00:00", "deposit": null, "compare_unit": "kg", "compare_unit_price": 100, "consumption_unit": null, "consumption_quantity": null}], "temperature_zone": null, "is_self_scale_item": false, "is_weight_item": false, "is_available_in_all_stores": true, "is_batch_item": false}
{"id": 94, "name": "PINGVIN BLANDING", "underline": "275 GR. / TOMS", "age_limit": null, "hazard_precaution_statements": [], "labels": [], "description": null, "info": "", "images": [{"small": "https://rema-product-images.digital.rema1000.dk/80410/1-small-Al90vA7o8w.webp", "medium": "https://rema-product-images.digital.rema1000.dk/80410/1-medium-Al90vA7o8w.webp", "large": "https://rema-product-images.digital.rema1000.dk/80410/1-large-Al90vA7o8w.webp"}], "prices": [{"price": 27.5, "price_over_max_quantity": null, "max_quantity": null, "is_advertised": false, "is_campaign": true, "starting_at": "2025-08-07T00:00:00+00:00", "ending_at": "2025-09-03T00:00:00+00:00", "deposit": null, "compare_unit": "kg", "compare_unit_price": 100, "consumption_unit": null, "consumption_quantity": null}], "temperature_zone": null, "is_self_scale_item": false, "is_weight_item": false, "is_available_in_all_stores": true, "is_batch_item": false}
{"id": 95, "name": "SOFT BAR", "underline": "30 GR. / EASIS, CARAMEL DARK CHOCO", "age_limit": null, "hazard_precaution_statements": [], "labels": [{"id": 31, "name": "Ikke tilsat sukker", "image": "https://static-assets.digital.rema1000.dk/product/labels/31-64.webp"}], "description": null, "info": "", "images": [{"small": "https://rema-product-images.digital.rema1000.dk/80416/1-small-6xqA2yE9Dr.webp", "medium": "https://rema-product-images.digital.rema1000.dk/80416/1-medium-6xqA2yE9Dr.webp", "large": "https://rema-product-images.digital.rema1000.dk/80416/1-large-6xqA2yE9Dr.webp"}], "prices": [{"price": 12.95, "price_over_max_quantity": null, "max_quantity": null, "is_advertised": false, "is_campaign": false, "starting_at": "2025-08-17T00:00:00+00:00", "ending_at": "2099-12-31T00:00:00+00:00", "deposit": null, "compare_unit": "kg", "compare_unit_price": 431.67, "consumption_unit": null, "consumption_quantity": null}], "temperature_zone": null, "is_self_scale_item": false, "is_weight_item": false, "is_available_in_all_stores": true, "is_batch_item": false}
{"id": 96, "name": "AFTER EIGHT", "underline": "200 GR. / NESTLE", "age_limit": null, "hazard_precaution_statements": [], "labels": [], "description": null, "info": "", "images": [{"small": "https://rema-product-images.digital.rema1000.dk/80428/1-small-xyqam18qDb.webp", "medium": "https://rema-product-images.digital.rema1000.dk/80428/1-medium-xyqam18qDb.webp", "large": "https://rema-product-images.digital.rema1000.dk/80428/1-large-xyqam18qDb.webp"}], "prices": [{"price": 48.95, "price_over_max_quantity": null, "max_quantity": null, "is_advertised": false, "is_campaign": false, "starting_at": "2025-07-03T00:00:00+00:00", "ending_at": "2099-12-31T00:00:00+00:00", "deposit": null, "compare_unit": "kg", "compare_unit_price": 244.75, "consumption_unit": null, "consumption_quantity": null}], "temperature_zone": null, "is_self_scale_item": false, "is_weight_item": false, "is_available_in_all_stores": true, "is_batch_item": false}
{"id": 97, "name": "STRAWBERRY/LIME GUM", "underline": "22 GR. / REMA 1000", "age_limit": null, "hazard_precaution_statements": [], "labels": [{"id": 2, "name": "REMA1000", "image": "https://static-assets.digital.rema1000.dk/product/labels/2-64.webp"}, {"id": 31, "name": "Ikke tilsat sukker", "image": "https://static-assets.digital.rema1000.dk/product/labels/31-64.webp"}], "description": null, "info": "", "images": [{"small": "https://rema-product-images.digital.rema1000.dk/80474/1-small-869DGpbqMa.webp", "medium": "https://rema-product-images.digital.rema1000.dk/80474/1-medium-869DGpbqMa.webp", "large": "https://rema-product-images.digital.rema1000.dk/80474/1-large-869DGpbqMa.webp"}], "prices": [{"price": 6, "price_over_max_quantity": null, "max_quantity": null, "is_advertised": false, "is_campaign": false, "starting_at": "2022-06-22T00:00:00+00:00", "ending_at": "2099-12-31T00:00:00+00:00", "deposit": null, "compare_unit": "kg", "compare_unit_price": 272.73, "consumption_unit": null, "consumption_quantity": null}], "temperature_zone": null, "is_self_scale_item": false, "is_weight_item": false, "is_available_in_all_stores": true, "is_batch_item": false}
{"id": 98, "name": "DENTAL PEPPERMINT", "underline": "24 GR. / REMA 1000", "age_limit": null, "hazard_precaution_statements": [], "labels": [{"id": 2, "name": "REMA1000", "image": "https://static-assets.digital.rema1000.dk/product/labels/2-64.webp"}, {"id": 31, "name": "Ikke tilsat sukker", "image": "https://static-assets.digital.rema1000.dk/product/labels/31-64.webp"}], "description": null, "info": "", "images": [{"small": "https://rema-product-images.digital.rema1000.dk/80476/1-small-nDPWXypoWa.webp", "medium": "https://rema-product-images.digital.rema1000.dk/80476/1-medium-nDPWXypoWa.webp", "large": "https://rema-product-images.digital.rema1000.dk/80476/1-large-nDPWXypoWa.webp"}], "prices": [{"price": 6, "price_over_max_quantity": null, "max_quantity": null, "is_advertised": false, "is_campaign": false, "starting_at": "2022-06-22T00:00:00+00:00", "ending_at": "2099-12-31T00:00:00+00:00", "deposit": null, "compare_unit": "kg", "compare_unit_price": 250, "consumption_unit": null, "consumption_quantity": null}], "temperature_zone": null, "is_self_scale_item": false, "is_weight_item": false, "is_available_in_all_stores": true, "is_batch_item": false}
{"id": 99, "name": "DENTAL SPEARMINT", "underline": "24 GR. / REMA 1000", "age_limit": null, "hazard_precaution_statements": [], "labels": [{"id": 2, "name": "REMA1000", "image": "https://static-assets.digital.rema1000.dk/product/labels/2-64.webp"}, {"id": 31, "name": "Ikke tilsat sukker", "image": "https://static-assets.digital.rema1000.dk/product/labels/31-64.webp"}], "description": null, "info": "", "images": [{"small": "https://rema-product-images.digital.rema1000.dk/80477/1-small-YLPj2MLPkx.webp", "medium": "https://rema-product-images.digital.rema1000.dk/80477/1-medium-YLPj2MLPkx.webp", "large": "https://rema-product-images.digital.rema1000.dk/80477/1-large-YLPj2MLPkx.webp"}], "prices": [{"price": 6, "price_over_max_quantity": null, "max_quantity": null, "is_advertised": false, "is_campaign": false, "starting_at": "2022-06-22T00:00:00+00:00", "ending_at": "2099-12-31T00:00:00+00:00", "deposit": null, "compare_unit": "kg", "compare_unit_price": 250, "consumption_unit": null, "consumption_quantity": null}], "temperature_zone": null, "is_self_scale_item": false, "is_weight_item": false, "is_available_in_all_stores": true, "is_batch_item": false}
{"id": 100, "name": "MARCIPANBRØD", "underline": "75 GR. / REMA 1000", "age_limit": null, "hazard_precaution_statements": [], "labels": [{"id": 2, "name": "REMA1000", "image": "https://static-assets.digital.rema1000.dk/product/labels/2-64.webp"}], "description": null, "info": "", "images": [{"small": "https://rema-product-images.digital.rema1000.dk/80498/1-small-Al90ve7o8w.webp", "medium": "https://rema-product-images.digital.rema1000.dk/80498/1-medium-Al90ve7o8w.webp", "large": "https://rema-product-images.digital.rema1000.dk/80498/1-large-Al90ve7o8w.webp"}], "prices": [{"price": 14, "price_over_max_quantity": null, "max_quantity": null, "is_advertised": false, "is_campaign": false, "starting_at": "2025-01-23T00:00:00+00:00", "ending_at": "2099-12-31T00:00:00+00:00", "deposit": null, "compare_unit": "kg", "compare_unit_price": 186.67, "consumption_unit": null, "consumption_quantity": null}], "temperature_zone": null, "is_self_scale_item": false, "is_weight_item": false, "is_available_in_all_stores": true, "is_batch_item": false}
{"id": 101, "name": "SPEARMINT", "underline": "42 GR. / STIMOROL", "age_limit": null, "hazard_precaution_statements": [], "labels": [{"id": 31, "name": "Ikke tilsat sukker", "image": "https://static-assets.digital.rema1000.dk/product/labels/31-64.webp"}], "description": null, "info": "", "images": [{"small": "https://rema-product-images.digital.rema1000.dk/80575/1-small-01q2AYdo7n.webp", "medium": "https://rema-product-images.digital.rema1000.dk/80575/1-medium-01q2AYdo7n.webp", "large": "https://rema-product-images.digital.rema1000.dk/80575/1-large-01q2AYdo7n.webp"}], "prices": [{"price": 17.95, "price_over_max_quantity": null, "max_quantity": null, "is_advertised": false, "is_campaign": false, "starting_at": "2023-02-02T00:00:00+00:00", "ending_at": "2099-12-31T00:00:00+00:00", "deposit": null, "compare_unit": "kg", "compare_unit_price": 427.38, "consumption_unit": null, "consumption_quantity": null}], "temperature_zone": null, "is_self_scale_item": false, "is_weight_item": false, "is_available_in_all_stores": true, "is_batch_item": false}
{"id": 102, "name": "STIMOROL 3PAK", "underline": "42 GR. / LAKRIDS", "age_limit": null, "hazard_precaution_statements": [], "labels": [{"id": 31, "name": "Ikke tilsat sukker", "image": "https://static-assets.digital.rema1000.dk/product/labels/31-64.webp"}], "description": null, "info": "", "images": [{"small": "https://rema-product-images.digital.rema1000.dk/80576/1-small-nDPWX56oWa.webp", "medium": "https://rema-product-images.digital.rema1000.dk/80576/1-medium-nDPWX56oWa.webp", "large": "https://rema-product-images.digital.rema1000.dk/80576/1-large-nDPWX56oWa.webp"}], "prices": [{"price": 17.95, "price_over_max_quantity": null, "max_quantity": null, "is_advertised": false, "is_campaign": false, "starting_at": "2023-03-30T00:00:00+00:00", "ending_at": "2099-12-31T00:00:00+00:00", "deposit": null, "compare_unit": "kg", "compare_unit_price": 427.38, "consumption_unit": null, "consumption_quantity": null}], "temperature_zone": null, "is_self_scale_item": false, "is_weight_item": false, "is_available_in_all_stores": true, "is_batch_item": false}
{"id": 103, "name": "PEPPERMINT", "underline": "42 GR. / STIMOROL", "age_limit": null, "hazard_precaution_statements": [], "labels": [{"id": 31, "name": "Ikke tilsat sukker", "image": "https://static-assets.digital.rema1000.dk/product/labels/31-64.webp"}], "description": null, "info": "", "images": [{"small": "https://rema-product-images.digital.rema1000.dk/80577/1-small-YLPj2ZWPkx.webp", "medium": "https://rema-product-images.digital.rema1000.dk/80577/1-medium-YLPj2ZWPkx.webp", "large": "https://rema-product-images.digital.rema1000.dk/80577/1-large-YLPj2ZWPkx.webp"}], "prices": [{"price": 17.95, "price_over_max_quantity": null, "max_quantity": null, "is_advertised": false, "is_campaign": false, "starting_at": "2023-02-02T00:00:00+00:00", "ending_at": "2099-12-31T00:00:00+00:00", "deposit": null, "compare_unit": "kg", "compare_unit_price": 427.38, "consumption_unit": null, "consumption_quantity": null}], "temperature_zone": null, "is_self_scale_item": false, "is_weight_item": false, "is_available_in_all_stores": true, "is_batch_item": false}
{"id": 104, "name": "CHERRY", "underline": "42 GR. / STIMOROL", "age_limit": null, "hazard_precaution_statements": [], "labels": [{"id": 31, "name": "Ikke tilsat sukker", "image": "https://static-assets.digital.rema1000.dk/product/labels/31-64.webp"}], "description": null, "info": "", "images": [{"small": "https://rema-product-images.digital.rema1000.dk/80578/1-small-yLqGJRwod4.webp", "medium": "https://rema-product-images.digital.rema1000.dk/80578/1-medium-yLqGJRwod4.webp", "large": "https://rema-product-images.digital.rema1000.dk/80578/1-large-yLqGJRwod4.webp"}], "prices": [{"price": 17.95, "price_over_max_quantity": null, "max_quantity": null, "is_advertised": false, "is_campaign": false, "starting_at": "2023-02-02T00:00:00+00:00", "ending_at": "2099-12-31T00:00:00+00:00", "deposit": null, "compare_unit": "kg", "compare_unit_price": 427.38, "consumption_unit": null, "consumption_quantity": null}], "temperature_zone": null, "is_self_scale_item": false, "is_weight_item": false, "is_available_in_all_stores": true, "is_batch_item": false}
{"id": 105, "name": "XXL MARSHMALLOWS", "underline": "350 GR. / REMA 1000", "age_limit": null, "hazard_precaution_statements": [], "labels": [{"id": 2, "name": "REMA1000", "image": "https://static-assets.digital.rema1000.dk/product/labels/2-64.webp"}], "description": null, "info": "", "images": [{"small": "https://rema-product-images.digital.rema1000.dk/80660/1-small-6xqA2Lj9Dr.webp", "medium": "https://rema-product-images.digital.rema1000.dk/80660/1-medium-6xqA2Lj9Dr.webp", "large": "https://rema-product-images.digital.rema1000.dk/80660/1-large-6xqA2Lj9Dr.webp"}], "prices": [{"price": 39, "price_over_max_quantity": null, "max_quantity": null, "is_advertised": false, "is_campaign": false, "starting_at": "2024-05-02T00:00:00+00:00", "ending_at": "2025-08-20T00:00:00+00:00", "deposit": null, "compare_unit": "kg", "compare_unit_price": 111.43, "consumption_unit": null, "consumption_quantity": null}], "temperature_zone": null, "is_self_scale_item": false, "is_weight_item": false, "is_available_in_all_stores": true, "is_batch_item": false}
{"id": 106, "name": "MARSHMALLOWS", "underline": "150 GR. / REMA 1000, TWISTER", "age_limit": null, "hazard_precaution_statements": [], "labels": [{"id": 2, "name": "REMA1000", "image": "https://static-assets.digital.rema1000.dk/product/labels/2-64.webp"}], "description": null, "info": "", "images": [{"small": "https://rema-product-images.digital.rema1000.dk/80664/1-small-AKqe3aePp1.webp", "medium": "https://rema-product-images.digital.rema1000.dk/80664/1-medium-AKqe3aePp1.webp", "large": "https://rema-product-images.digital.rema1000.dk/80664/1-large-AKqe3aePp1.webp"}], "prices": [{"price": 17.95, "price_over_max_quantity": null, "max_quantity": null, "is_advertised": false, "is_campaign": false, "starting_at": "2023-02-09T00:00:00+00:00", "ending_at": "2099-12-31T00:00:00+00:00", "deposit": null, "compare_unit": "kg", "compare_unit_price": 119.67, "consumption_unit": null, "consumption_quantity": null}], "temperature_zone": null, "is_self_scale_item": false, "is_weight_item": false, "is_available_in_all_stores": true, "is_batch_item": false}
{"id": 107, "name": "LIQOURICE", "underline": "65 GR. / HALLS", "age_limit": null, "hazard_precaution_statements": [], "labels": [{"id": 31, "name": "Ikke tilsat sukker", "image": "https://static-assets.digital.rema1000.dk/product/labels/31-64.webp"}], "description": null, "info": "", "images": [{"small": "https://rema-product-images.digital.rema1000.dk/80672/1-small-xyqamdOqDb.webp", "medium": "https://rema-product-images.digital.rema1000.dk/80672/1-medium-xyqamdOqDb.webp", "large": "https://rema-product-images.digital.rema1000.dk/80672/1-large-xyqamdOqDb.webp"}], "prices": [{"price": 19.95, "price_over_max_quantity": null, "max_quantity": null, "is_advertised": false, "is_campaign": false, "starting_at": "2023-02-02T00:00:00+00:00", "ending_at": "2099-12-31T00:00:00+00:00", "deposit": null, "compare_unit": "kg", "compare_unit_price": 306.92, "consumption_unit": null, "consumption_quantity": null}], "temperature_zone": null, "is_self_scale_item": false, "is_weight_item": false, "is_available_in_all_stores": true, "is_batch_item": false}
{"id": 108, "name": "COOLWAVE", "underline": "65 GR. / HALLS", "age_limit": null, "hazard_precaution_statements": [], "labels": [{"id": 31, "name": "Ikke tilsat sukker", "image": "https://static-assets.digital.rema1000.dk/product/labels/31-64.webp"}], "description": null, "info": "", "images": [{"small": "https://rema-product-images.digital.rema1000.dk/80673/1-small-pYqx54891L.webp", "medium": "https://rema-product-images.digital.rema1000.dk/80673/1-medium-pYqx54891L.webp", "large": "https://rema-product-images.digital.rema1000.dk/80673/1-large-pYqx54891L.webp"}], "prices": [{"price": 19.95, "price_over_max_quantity": null, "max_quantity": null, "is_advertised": false, "is_campaign": false, "starting_at": "2024-05-09T00:00:00+00:00", "ending_at": "2099-12-31T00:00:00+00:00", "deposit": null, "compare_unit": "kg", "compare_unit_price": 306.92, "consumption_unit": null, "consumption_quantity": null}], "temperature_zone": null, "is_self_scale_item": false, "is_weight_item": false, "is_available_in_all_stores": true, "is_batch_item": false}
{"id": 109, "name": "HERRE JOB SOK", "underline": "2 PAR / STR. 40-43 EL 44-47", "age_limit": null, "hazard_precaution_statements": [], "labels": [], "description": null, "info": "", "images": [{"small": "https://rema-product-images.digital.rema1000.dk/807072/1-small-xyqaQObEqD.webp", "medium": "https://rema-product-images.digital.rema1000.dk/807072/1-medium-xyqaQObEqD.webp", "large": "https://rema-product-images.digital.rema1000.dk/807072/1-large-xyqaQObEqD.webp"}], "prices": [{"price": 29, "price_over_max_quantity": null, "max_quantity": null, "is_advertised": false, "is_campaign": false, "starting_at": "2013-09-19T00:00:00+00:00", "ending_at": "2099-12-31T00:00:00+00:00", "deposit": null, "compare_unit": "par", "compare_unit_price": 14.5, "consumption_unit": null, "consumption_quantity": null}], "temperature_zone": null, "is_self_scale_item": false, "is_weight_item": false, "is_available_in_all_stores": true, "is_batch_item": false}
{"id": 110, "name": "FAMILIEMIX", "underline": "235 GR. / REMA 1000", "age_limit": null, "hazard_precaution_statements": [], "labels": [{"id": 2, "name": "REMA1000", "image": "https://static-assets.digital.rema1000.dk/product/labels/2-64.webp"}], "description": null, "info": "", "images": [{"small": "https://rema-product-images.digital.rema1000.dk/80728/1-small-xyqamk6qDb.webp", "medium": "https://rema-product-images.digital.rema1000.dk/80728/1-medium-xyqamk6qDb.webp", "large": "https://rema-product-images.digital.rema1000.dk/80728/1-large-xyqamk6qDb.webp"}], "prices": [{"price": 25, "price_over_max_quantity": null, "max_quantity": null, "is_advertised": false, "is_campaign": false, "starting_at": "2023-01-26T00:00:00+00:00", "ending_at": "2099-12-31T00:00:00+00:00", "deposit": null, "compare_unit": "kg", "compare_unit_price": 106.38, "consumption_unit": null, "consumption_quantity": null}], "temperature_zone": null, "is_self_scale_item": false, "is_weight_item": false, "is_available_in_all_stores": true, "is_batch_item": false}
{"id": 111, "name": "TOP STAR MIX", "underline": "275 GR. / HARIBO", "age_limit": null, "hazard_precaution_statements": [], "labels": [], "description": null, "info": "", "images": [{"small": "https://rema-product-images.digital.rema1000.dk/80858/1-small-3Movn2koAb.webp", "medium": "https://rema-product-images.digital.rema1000.dk/80858/1-medium-3Movn2koAb.webp", "large": "https://rema-product-images.digital.rema1000.dk/80858/1-large-3Movn2koAb.webp"}], "prices": [{"price": 27.5, "price_over_max_quantity": null, "max_quantity": null, "is_advertised": false, "is_campaign": true, "starting_at": "2025-08-14T00:00:00+00:00", "ending_at": "2025-09-03T00:00:00+00:00", "deposit": null, "compare_unit": "kg", "compare_unit_price": 100, "consumption_unit": null, "consumption_quantity": null}], "temperature_zone": null, "is_self_scale_item": false, "is_weight_item": false, "is_available_in_all_stores": true, "is_batch_item": false}
{"id": 112, "name": "MØRK CHOKOLADE 72%", "underline": "100 GR. / REMA 1000", "age_limit": null, "hazard_precaution_statements": [], "labels": [{"id": 2, "name": "REMA1000", "image": "https://static-assets.digital.rema1000.dk/product/labels/2-64.webp"}, {"id": 95, "name": "Rainforest Alliance", "image": "https://static-assets.digital.rema1000.dk/product/labels/95-64.webp"}], "description": null, "info": "", "images": [{"small": "https://rema-product-images.digital.rema1000.dk/80863/1-small-rDq6eJ2obW.webp", "medium": "https://rema-product-images.digital.rema1000.dk/80863/1-medium-rDq6eJ2obW.webp", "large": "https://rema-product-images.digital.rema1000.dk/80863/1-large-rDq6eJ2obW.webp"}], "prices": [{"price": 23.95, "price_over_max_quantity": null, "max_quantity": null, "is_advertised": false, "is_campaign": false, "starting_at": "2025-01-30T00:00:00+00:00", "ending_at": "2099-12-31T00:00:00+00:00", "deposit": null, "compare_unit": "kg", "compare_unit_price": 239.5, "consumption_unit": null, "consumption_quantity": null}], "temperature_zone": null, "is_self_scale_item": false, "is_weight_item": false, "is_available_in_all_stores": true, "is_batch_item": false}
{"id": 113, "name": "MØRK CHOKOLADE 85%", "underline": "100 GR. / REMA 1000", "age_limit": null, "hazard_precaution_statements": [], "labels": [{"id": 2, "name": "REMA1000", "image": "https://static-assets.digital.rema1000.dk/product/labels/2-64.webp"}, {"id": 95, "name": "Rainforest Alliance", "image": "https://static-assets.digital.rema1000.dk/product/labels/95-64.webp"}], "description": null, "info": "", "images": [{"small": "https://rema-product-images.digital.rema1000.dk/80864/1-small-AKqe3vYPp1.webp", "medium": "https://rema-product-images.digital.rema1000.dk/80864/1-medium-AKqe3vYPp1.webp", "large": "https://rema-product-images.digital.rema1000.dk/80864/1-large-AKqe3vYPp1.webp"}], "prices": [{"price": 24.95, "price_over_max_quantity": null, "max_quantity": null, "is_advertised": false, "is_campaign": false, "starting_at": "2025-01-30T00:00:00+00:00", "ending_at": "2099-12-31T00:00:00+00:00", "deposit": null, "compare_unit": "kg", "compare_unit_price": 249.5, "consumption_unit": null, "consumption_quantity": null}], "temperature_zone": null, "is_self_scale_item": false, "is_weight_item": false, "is_available_in_all_stores": true, "is_batch_item": false}
{"id": 114, "name": "HVID CHOKOLADE", "underline": "100 GR. / REMA 1000", "age_limit": null, "hazard_precaution_statements": [], "labels": [{"id": 2, "name": "REMA1000", "image": "https://static-assets.digital.rema1000.dk/product/labels/2-64.webp"}, {"id": 95, "name": "Rainforest Alliance", "image": "https://static-assets.digital.rema1000.dk/product/labels/95-64.webp"}], "description": null, "info": "", "images": [{"small": "https://rema-product-images.digital.rema1000.dk/80865/1-small-bJ9YvnkPL5.webp", "medium": "https://rema-product-images.digital.rema1000.dk/80865/1-medium-bJ9YvnkPL5.webp", "large": "https://rema-product-images.digital.rema1000.dk/80865/1-large-bJ9YvnkPL5.webp"}], "prices": [{"price": 22.95, "price_over_max_quantity": null, "max_quantity": null, "is_advertised": false, "is_campaign": false, "starting_at": "2025-01-30T00:00:00+00:00", "ending_at": "2099-12-31T00:00:00+00:00", "deposit": null, "compare_unit": "kg", "compare_unit_price": 229.5, "consumption_unit": null, "consumption_quantity": null}], "temperature_zone": null, "is_self_scale_item": false, "is_weight_item": false, "is_available_in_all_stores": true, "is_batch_item": false}
{"id": 115, "name": "MINTPASTILLER", "underline": "20 GR. / PEPPERMINT", "age_limit": null, "hazard_precaution_statements": [], "labels": [{"id": 2, "name": "REMA1000", "image": "https://static-assets.digital.rema1000.dk/product/labels/2-64.webp"}, {"id": 31, "name": "Ikke tilsat sukker", "image": "https://static-assets.digital.rema1000.dk/product/labels/31-64.webp"}], "description": null, "info": "", "images": [{"small": "https://rema-product-images.digital.rema1000.dk/80929/1-small-pYqx5OG91L.webp", "medium": "https://rema-product-images.digital.rema1000.dk/80929/1-medium-pYqx5OG91L.webp", "large": "https://rema-product-images.digital.rema1000.dk/80929/1-large-pYqx5OG91L.webp"}], "prices": [{"price": 11.95, "price_over_max_quantity": null, "max_quantity": null, "is_advertised": false, "is_campaign": false, "starting_at": "2022-06-22T00:00:00+00:00", "ending_at": "2099-12-31T00:00:00+00:00", "deposit": null, "compare_unit": "kg", "compare_unit_price": 597.5, "consumption_unit": null, "consumption_quantity": null}], "temperature_zone": null, "is_self_scale_item": false, "is_weight_item": false, "is_available_in_all_stores": true, "is_batch_item": false}
{"id": 116, "name": "FRUITY FRESH", "underline": "40 GR. / VICKS", "age_limit": null, "hazard_precaution_statements": [], "labels": [{"id": 31, "name": "Ikke tilsat sukker", "image": "https://static-assets.digital.rema1000.dk/product/labels/31-64.webp"}], "description": null, "info": "", "images": [{"small": "https://rema-product-images.digital.rema1000.dk/80943/1-small-dyomGA39Vm.webp", "medium": "https://rema-product-images.digital.rema1000.dk/80943/1-medium-dyomGA39Vm.webp", "large": "https://rema-product-images.digital.rema1000.dk/80943/1-large-dyomGA39Vm.webp"}], "prices": [{"price": 10, "price_over_max_quantity": null, "max_quantity": null, "is_advertised": false, "is_campaign": false, "starting_at": "2021-02-12T00:00:00+00:00", "ending_at": "2099-12-31T00:00:00+00:00", "deposit": null, "compare_unit": "kg", "compare_unit_price": 250, "consumption_unit": null, "consumption_quantity": null}], "temperature_zone": null, "is_self_scale_item": false, "is_weight_item": false, "is_available_in_all_stores": true, "is_batch_item": false}
{"id": 117, "name": "SUR MIX", "underline": "235 GR. / REMA 1000", "age_limit": null, "hazard_precaution_statements": [], "labels": [{"id": 2, "name": "REMA1000", "image": "https://static-assets.digital.rema1000.dk/product/labels/2-64.webp"}], "description": null, "info": "", "images": [{"small": "https://rema-product-images.digital.rema1000.dk/80949/1-small-xQq8zjJPZd.webp", "medium": "https://rema-product-images.digital.rema1000.dk/80949/1-medium-xQq8zjJPZd.webp", "large": "https://rema-product-images.digital.rema1000.dk/80949/1-large-xQq8zjJPZd.webp"}], "prices": [{"price": 25, "price_over_max_quantity": null, "max_quantity": null, "is_advertised": false, "is_campaign": false, "starting_at": "2023-01-26T00:00:00+00:00", "ending_at": "2099-12-31T00:00:00+00:00", "deposit": null, "compare_unit": "kg", "compare_unit_price": 106.38, "consumption_unit": null, "consumption_quantity": null}], "temperature_zone": null, "is_self_scale_item": false, "is_weight_item": false, "is_available_in_all_stores": true, "is_batch_item": false}
{"id": 118, "name": "LAKRIDSBLANDING", "underline": "200 GR. / REMA 1000", "age_limit": null, "hazard_precaution_statements": [], "labels": [{"id": 2, "name": "REMA1000", "image": "https://static-assets.digital.rema1000.dk/product/labels/2-64.webp"}], "description": null, "info": "", "images": [{"small": "https://rema-product-images.digital.rema1000.dk/81052/1-small-NpP7YK0qOl.webp", "medium": "https://rema-product-images.digital.rema1000.dk/81052/1-medium-NpP7YK0qOl.webp", "large": "https://rema-product-images.digital.rema1000.dk/81052/1-large-NpP7YK0qOl.webp"}], "prices": [{"price": 20, "price_over_max_quantity": null, "max_quantity": null, "is_advertised": false, "is_campaign": false, "starting_at": "2025-02-27T00:00:00+00:00", "ending_at": "2099-12-31T00:00:00+00:00", "deposit": null, "compare_unit": "kg", "compare_unit_price": 100, "consumption_unit": null, "consumption_quantity": null}], "temperature_zone": null, "is_self_scale_item": false, "is_weight_item": false, "is_available_in_all_stores": true, "is_batch_item": false}
{"id": 119, "name": "KLASSISK MIX", "underline": "129 GR. / GO'E STÆNGER", "age_limit": null, "hazard_precaution_statements": [], "labels": [], "description": null, "info": "", "images": [{"small": "https://rema-product-images.digital.rema1000.dk/81084/1-small-rQqQrkB9ea.webp", "medium": "https://rema-product-images.digital.rema1000.dk/81084/1-medium-rQqQrkB9ea.webp", "large": "https://rema-product-images.digital.rema1000.dk/81084/1-large-rQqQrkB9ea.webp"}], "prices": [{"price": 15, "price_over_max_quantity": null, "max_quantity": null, "is_advertised": false, "is_campaign": true, "starting_at": "2025-08-07T00:00:00+00:00", "ending_at": "2025-09-03T00:00:00+00:00", "deposit": null, "compare_unit": "kg", "compare_unit_price": 116.28, "consumption_unit": null, "consumption_quantity": null}], "temperature_zone": null, "is_self_scale_item": false, "is_weight_item": false, "is_available_in_all_stores": true, "is_batch_item": false}
{"id": 120, "name": "SEAMLESS TAI L/XL", "underline": "1 PAR / RECYCLED POLYESTER", "age_limit": null, "hazard_precaution_statements": [], "labels": [], "description": null, "info": "", "images": [{"small": "https://rema-product-images.digital.rema1000.dk/811066/1-small-pyoz4ArK9X.webp", "medium": "https://rema-product-images.digital.rema1000.dk/811066/1-medium-pyoz4ArK9X.webp", "large": "https://rema-product-images.digital.rema1000.dk/811066/1-large-pyoz4ArK9X.webp"}], "prices": [{"price": 29, "price_over_max_quantity": null, "max_quantity": null, "is_advertised": false, "is_campaign": false, "starting_at": "2022-06-09T00:00:00+00:00", "ending_at": "2099-12-31T00:00:00+00:00", "deposit": null, "compare_unit": "par", "compare_unit_price": 29, "consumption_unit": null, "consumption_quantity": null}], "temperature_zone": null, "is_self_scale_item": false, "is_weight_item": false, "is_available_in_all_stores": true, "is_batch_item": false}
{"id": 121, "name": "SEAMLESS TAI S/M", "underline": "1 STK. / RECYCLED POYLESTER", "age_limit": null, "hazard_precaution_statements": [], "labels": [], "description": null, "info": "", "images": [{"small": "https://rema-product-images.digital.rema1000.dk/811067/1-small-MNqZVQRJqA.webp", "medium": "https://rema-product-images.digital.rema1000.dk/811067/1-medium-MNqZVQRJqA.webp", "large": "https://rema-product-images.digital.rema1000.dk/811067/1-large-MNqZVQRJqA.webp"}], "prices": [{"price": 29, "price_over_max_quantity": null, "max_quantity": null, "is_advertised": false, "is_campaign": false, "starting_at": "2022-06-09T00:00:00+00:00", "ending_at": "2099-12-31T00:00:00+00:00", "deposit": null, "compare_unit": "stk", "compare_unit_price": 29, "consumption_unit": null, "consumption_quantity": null}], "temperature_zone": null, "is_self_scale_item": false, "is_weight_item": false, "is_available_in_all_stores": true, "is_batch_item": false}
{"id": 122, "name": "SEAMLES TAI XXL", "underline": "1 STK. / RECYCLED POLYESTER", "age_limit": null, "hazard_precaution_statements": [], "labels": [], "description": null, "info": "", "images": [{"small": "https://rema-product-images.digital.rema1000.dk/811068/1-small-vXodQN1lq3.webp", "medium": "https://rema-product-images.digital.rema1000.dk/811068/1-medium-vXodQN1lq3.webp", "large": "https://rema-product-images.digital.rema1000.dk/811068/1-large-vXodQN1lq3.webp"}], "prices": [{"price": 29, "price_over_max_quantity": null, "max_quantity": null, "is_advertised": false, "is_campaign": false, "starting_at": "2022-06-09T00:00:00+00:00", "ending_at": "2099-12-31T00:00:00+00:00", "deposit": null, "compare_unit": "stk", "compare_unit_price": 29, "consumption_unit": null, "consumption_quantity": null}], "temperature_zone": null, "is_self_scale_item": false, "is_weight_item": false, "is_available_in_all_stores": true, "is_batch_item": false}
{"id": 123, "name": "ORGANIC HIPSTER", "underline": "1 PAR / SORT STR S", "age_limit": null, "hazard_precaution_statements": [], "labels": [], "description": null, "info": "", "images": [{"small": "https://rema-product-images.digital.rema1000.dk/811073/1-small-pYqxJv58P1.webp", "medium": "https://rema-product-images.digital.rema1000.dk/811073/1-medium-pYqxJv58P1.webp", "large": "https://rema-product-images.digital.rema1000.dk/811073/1-large-pYqxJv58P1.webp"}], "prices": [{"price": 29, "price_over_max_quantity": null, "max_quantity": null, "is_advertised": false, "is_campaign": false, "starting_at": "2021-12-28T00:00:00+00:00", "ending_at": "2099-12-31T00:00:00+00:00", "deposit": null, "compare_unit": "par", "compare_unit_price": 29, "consumption_unit": null, "consumption_quantity": null}], "temperature_zone": null, "is_self_scale_item": false, "is_weight_item": false, "is_available_in_all_stores": true, "is_batch_item": false}
{"id": 124, "name": "HIPSTER STR. S/M", "underline": "1 STK. / BAMBUS", "age_limit": null, "hazard_precaution_statements": [], "labels": [], "description": null, "info": "", "images": [{"small": "https://rema-product-images.digital.rema1000.dk/811082/1-small-MBoN6AMRov.webp", "medium": "https://rema-product-images.digital.rema1000.dk/811082/1-medium-MBoN6AMRov.webp", "large": "https://rema-product-images.digital.rema1000.dk/811082/1-large-MBoN6AMRov.webp"}], "prices": [{"price": 25, "price_over_max_quantity": null, "max_quantity": null, "is_advertised": false, "is_campaign": false, "starting_at": "2023-12-06T00:00:00+00:00", "ending_at": "2099-12-31T00:00:00+00:00", "deposit": null, "compare_unit": "stk", "compare_unit_price": 25, "consumption_unit": null, "consumption_quantity": null}], "temperature_zone": null, "is_self_scale_item": false, "is_weight_item": false, "is_available_in_all_stores": true, "is_batch_item": false}
{"id": 125, "name": "HIPSTER STR. L/XL", "underline": "1 STK. / BAMBUS", "age_limit": null, "hazard_precaution_statements": [], "labels": [], "description": null, "info": "", "images": [{"small": "https://rema-product-images.digital.rema1000.dk/811083/1-small-zOPlXnj6PR.webp", "medium": "https://rema-product-images.digital.rema1000.dk/811083/1-medium-zOPlXnj6PR.webp", "large": "https://rema-product-images.digital.rema1000.dk/811083/1-large-zOPlXnj6PR.webp"}], "prices": [{"price": 25, "price_over_max_quantity": null, "max_quantity": null, "is_advertised": false, "is_campaign": false, "starting_at": "2023-12-06T00:00:00+00:00", "ending_at": "2099-12-31T00:00:00+00:00", "deposit": null, "compare_unit": "stk", "compare_unit_price": 25, "consumption_unit": null, "consumption_quantity": null}], "temperature_zone": null, "is_self_scale_item": false, "is_weight_item": false, "is_available_in_all_stores": true, "is_batch_item": false}
{"id": 126, "name": "FINSK LAKRIDS", "underline": "300 GR. / REMA 1000", "age_limit": null, "hazard_precaution_statements": [], "labels": [{"id": 2, "name": "REMA1000", "image": "https://static-assets.digital.rema1000.dk/product/labels/2-64.webp"}], "description": null, "info": "", "images": [{"small": "https://rema-product-images.digital.rema1000.dk/81150/1-small-vVorlzB93z.webp", "medium": "https://rema-product-images.digital.rema1000.dk/81150/1-medium-vVorlzB93z.webp", "large": "https://rema-product-images.digital.rema1000.dk/81150/1-large-vVorlzB93z.webp"}], "prices": [{"price": 23.95, "price_over_max_quantity": null, "max_quantity": null, "is_advertised": false, "is_campaign": false, "starting_at": "2024-05-09T00:00:00+00:00", "ending_at": "2099-12-31T00:00:00+00:00", "deposit": null, "compare_unit": "kg", "compare_unit_price": 79.83, "consumption_unit": null, "consumption_quantity": null}], "temperature_zone": null, "is_self_scale_item": false, "is_weight_item": false, "is_available_in_all_stores": true, "is_batch_item": false}
{"id": 127, "name": "SALMIAKKI", "underline": "40 GR. / FAZER", "age_limit": null, "hazard_precaution_statements": [], "labels": [], "description": null, "info": "", "images": [{"small": "https://rema-product-images.digital.rema1000.dk/81174/1-small-869DGAzqMa.webp", "medium": "https://rema-product-images.digital.rema1000.dk/81174/1-medium-869DGAzqMa.webp", "large": "https://rema-product-images.digital.rema1000.dk/81174/1-large-869DGAzqMa.webp"}], "prices": [{"price": 10.95, "price_over_max_quantity": null, "max_quantity": null, "is_advertised": false, "is_campaign": false, "starting_at": "2022-07-14T00:00:00+00:00", "ending_at": "2099-12-31T00:00:00+00:00", "deposit": null, "compare_unit": "kg", "compare_unit_price": 273.75, "consumption_unit": null, "consumption_quantity": null}], "temperature_zone": null, "is_self_scale_item": false, "is_weight_item": false, "is_available_in_all_stores": true, "is_batch_item": false}
{"id": 128, "name": "GODT & BLANDET", "underline": "180 GR. / MALACO, ORIGINAL", "age_limit": null, "hazard_precaution_statements": [], "labels": [], "description": null, "info": "", "images": [{"small": "https://rema-product-images.digital.rema1000.dk/81187/1-small-dyomGGY9Vm.webp", "medium": "https://rema-product-images.digital.rema1000.dk/81187/1-medium-dyomGGY9Vm.webp", "large": "https://rema-product-images.digital.rema1000.dk/81187/1-large-dyomGGY9Vm.webp"}], "prices": [{"price": 24, "price_over_max_quantity": null, "max_quantity": null, "is_advertised": false, "is_campaign": false, "starting_at": "2024-03-14T00:00:00+00:00", "ending_at": "2099-12-31T00:00:00+00:00", "deposit": null, "compare_unit": "kg", "compare_unit_price": 133.33, "consumption_unit": null, "consumption_quantity": null}], "temperature_zone": null, "is_self_scale_item": false, "is_weight_item": false, "is_available_in_all_stores": true, "is_batch_item": false}
{"id": 129, "name": "FAMILIE GUF", "underline": "180 GR. / MALACO", "age_limit": null, "hazard_precaution_statements": [], "labels": [], "description": null, "info": "", "images": [{"small": "https://rema-product-images.digital.rema1000.dk/81188/1-small-xePwMMJqw8.webp", "medium": "https://rema-product-images.digital.rema1000.dk/81188/1-medium-xePwMMJqw8.webp", "large": "https://rema-product-images.digital.rema1000.dk/81188/1-large-xePwMMJqw8.webp"}], "prices": [{"price": 24, "price_over_max_quantity": null, "max_quantity": null, "is_advertised": false, "is_campaign": false, "starting_at": "2024-03-14T00:00:00+00:00", "ending_at": "2099-12-31T00:00:00+00:00", "deposit": null, "compare_unit": "kg", "compare_unit_price": 133.33, "consumption_unit": null, "consumption_quantity": null}], "temperature_zone": null, "is_self_scale_item": false, "is_weight_item": false, "is_available_in_all_stores": true, "is_batch_item": false}
{"id": 130, "name": "SALT LAKRIDS MIX", "underline": "235 GR. / REMA 1000", "age_limit": null, "hazard_precaution_statements": [], "labels": [{"id": 2, "name": "REMA1000", "image": "https://static-assets.digital.rema1000.dk/product/labels/2-64.webp"}], "description": null, "info": "", "images": [{"small": "https://rema-product-images.digital.rema1000.dk/81265/1-small-bJ9YvGvPL5.webp", "medium": "https://rema-product-images.digital.rema1000.dk/81265/1-medium-bJ9YvGvPL5.webp", "large": "https://rema-product-images.digital.rema1000.dk/81265/1-large-bJ9YvGvPL5.webp"}], "prices": [{"price": 25, "price_over_max_quantity": null, "max_quantity": null, "is_advertised": false, "is_campaign": false, "starting_at": "2023-02-09T00:00:00+00:00", "ending_at": "2099-12-31T00:00:00+00:00", "deposit": null, "compare_unit": "kg", "compare_unit_price": 106.38, "consumption_unit": null, "consumption_quantity": null}], "temperature_zone": null, "is_self_scale_item": false, "is_weight_item": false, "is_available_in_all_stores": true, "is_batch_item": false}
{"id": 131, "name": "WEEKEND SLIK", "underline": "123 GR. / NØRREGADE", "age_limit": null, "hazard_precaution_statements": [], "labels": [], "description": null, "info": "", "images": [{"small": "https://rema-product-images.digital.rema1000.dk/81295/1-small-v09gaGeoAW.webp", "medium": "https://rema-product-images.digital.rema1000.dk/81295/1-medium-v09gaGeoAW.webp", "large": "https://rema-product-images.digital.rema1000.dk/81295/1-large-v09gaGeoAW.webp"}], "prices": [{"price": 24, "price_over_max_quantity": null, "max_quantity": null, "is_advertised": false, "is_campaign": false, "starting_at": "2024-08-08T00:00:00+00:00", "ending_at": "2099-12-31T00:00:00+00:00", "deposit": null, "compare_unit": "kg", "compare_unit_price": 195.12, "consumption_unit": null, "consumption_quantity": null}], "temperature_zone": null, "is_self_scale_item": false, "is_weight_item": false, "is_available_in_all_stores": true, "is_batch_item": false}
{"id": 132, "name": "DRUESUKKER", "underline": "47 GR. / REMA 1000", "age_limit": null, "hazard_precaution_statements": [], "labels": [{"id": 2, "name": "REMA1000", "image": "https://static-assets.digital.rema1000.dk/product/labels/2-64.webp"}], "description": null, "info": "", "images": [{"small": "https://rema-product-images.digital.rema1000.dk/81366/1-small-pyoz1dVPXn.webp", "medium": "https://rema-product-images.digital.rema1000.dk/81366/1-medium-pyoz1dVPXn.webp", "large": "https://rema-product-images.digital.rema1000.dk/81366/1-large-pyoz1dVPXn.webp"}], "prices": [{"price": 7, "price_over_max_quantity": null, "max_quantity": null, "is_advertised": false, "is_campaign": false, "starting_at": "2023-02-16T00:00:00+00:00", "ending_at": "2099-12-31T00:00:00+00:00", "deposit": null, "compare_unit": "kg", "compare_unit_price": 148.94, "consumption_unit": null, "consumption_quantity": null}], "temperature_zone": null, "is_self_scale_item": false, "is_weight_item": false, "is_available_in_all_stores": true, "is_batch_item": false}
{"id": 133, "name": "FRUGTPASTILLER", "underline": "20 GR. / LEMON RASPBERRY FLAVOUR", "age_limit": null, "hazard_precaution_statements": [], "labels": [{"id": 2, "name": "REMA1000", "image": "https://static-assets.digital.rema1000.dk/product/labels/2-64.webp"}, {"id": 31, "name": "Ikke tilsat sukker", "image": "https://static-assets.digital.rema1000.dk/product/labels/31-64.webp"}], "description": null, "info": "", "images": [{"small": "https://rema-product-images.digital.rema1000.dk/81374/1-small-869Db7MoMa.webp", "medium": "https://rema-product-images.digital.rema1000.dk/81374/1-medium-869Db7MoMa.webp", "large": "https://rema-product-images.digital.rema1000.dk/81374/1-large-869Db7MoMa.webp"}], "prices": [{"price": 11.95, "price_over_max_quantity": null, "max_quantity": null, "is_advertised": false, "is_campaign": false, "starting_at": "2022-06-22T00:00:00+00:00", "ending_at": "2099-12-31T00:00:00+00:00", "deposit": null, "compare_unit": "kg", "compare_unit_price": 597.5, "consumption_unit": null, "consumption_quantity": null}], "temperature_zone": null, "is_self_scale_item": false, "is_weight_item": false, "is_available_in_all_stores": true, "is_batch_item": false}
{"id": 134, "name": "MARIEHØNER ROM", "underline": "23 GR. / SPANGSBERG", "age_limit": null, "hazard_precaution_statements": [], "labels": [], "description": null, "info": "", "images": [{"small": "https://rema-product-images.digital.rema1000.dk/81376/1-small-nDPWWJOPWa.webp", "medium": "https://rema-product-images.digital.rema1000.dk/81376/1-medium-nDPWWJOPWa.webp", "large": "https://rema-product-images.digital.rema1000.dk/81376/1-large-nDPWWJOPWa.webp"}], "prices": [{"price": 5, "price_over_max_quantity": null, "max_quantity": null, "is_advertised": false, "is_campaign": false, "starting_at": "2025-03-27T00:00:00+00:00", "ending_at": "2099-12-31T00:00:00+00:00", "deposit": null, "compare_unit": "kg", "compare_unit_price": 217.39, "consumption_unit": null, "consumption_quantity": null}], "temperature_zone": null, "is_self_scale_item": false, "is_weight_item": false, "is_available_in_all_stores": true, "is_batch_item": false}
{"id": 135, "name": "KAKAO MOUSSE", "underline": "100 GR. / RITTER SPORT", "age_limit": null, "hazard_precaution_statements": [], "labels": [{"id": 9001, "name": "Avisvare", "image": "https://static-assets.digital.rema1000.dk/product/labels/9001-64.webp"}, {"id": 95, "name": "Rainforest Alliance", "image": "https://static-assets.digital.rema1000.dk/product/labels/95-64.webp"}], "description": "Chokolade med kakao mousse  Alpinmælkechokolade med kakaomoussefyld (40%).", "info": "", "images": [{"small": "https://rema-product-images.digital.rema1000.dk/81389/1-small-ElPBV1JPkG.webp", "medium": "https://rema-product-images.digital.rema1000.dk/81389/1-medium-ElPBV1JPkG.webp", "large": "https://rema-product-images.digital.rema1000.dk/81389/1-large-ElPBV1JPkG.webp"}, {"small": "https://rema-product-images.digital.rema1000.dk/81389/2-small-ElPBV1JPkG.webp", "medium": "https://rema-product-images.digital.rema1000.dk/81389/2-medium-ElPBV1JPkG.webp", "large": "https://rema-product-images.digital.rema1000.dk/81389/2-large-ElPBV1JPkG.webp"}], "prices": [{"price": 20, "price_over_max_quantity": null, "max_quantity": null, "is_advertised": true, "is_campaign": false, "starting_at": "2025-08-17T00:00:00+00:00", "ending_at": "2025-11-15T00:00:00+00:00", "deposit": null, "compare_unit": "kg", "compare_unit_price": 200, "consumption_unit": null, "consumption_quantity": null}], "temperature_zone": null, "is_self_scale_item": false, "is_weight_item": false, "is_available_in_all_stores": true, "is_batch_item": true}
{"id": 136, "name": "MØRK CHOKOLADE 70%", "underline": "100 GR. / REMA 1000", "age_limit": null, "hazard_precaution_statements": [], "labels": [{"id": 2, "name": "REMA1000", "image": "https://static-assets.digital.rema1000.dk/product/labels/2-64.webp"}, {"id": 5, "name": "Økologi", "image": "https://static-assets.digital.rema1000.dk/product/labels/5-64.webp"}], "description": null, "info": "", "images": [{"small": "https://rema-product-images.digital.rema1000.dk/81398/1-small-Al90kWkq8w.webp", "medium": "https://rema-product-images.digital.rema1000.dk/81398/1-medium-Al90kWkq8w.webp", "large": "https://rema-product-images.digital.rema1000.dk/81398/1-large-Al90kWkq8w.webp"}], "prices": [{"price": 28.95, "price_over_max_quantity": null, "max_quantity": null, "is_advertised": false, "is_campaign": false, "starting_at": "2025-01-30T00:00:00+00:00", "ending_at": "2099-12-31T00:00:00+00:00", "deposit": null, "compare_unit": "kg", "compare_unit_price": 289.5, "consumption_unit": null, "consumption_quantity": null}], "temperature_zone": null, "is_self_scale_item": false, "is_weight_item": false, "is_available_in_all_stores": true, "is_batch_item": false}
{"id": 137, "name": "PASTILLER", "underline": "50 GR. / REMA 1000, HINDBÆR-LAKRIDS", "age_limit": null, "hazard_precaution_statements": [], "labels": [{"id": 2, "name": "REMA1000", "image": "https://static-assets.digital.rema1000.dk/product/labels/2-64.webp"}, {"id": 31, "name": "Ikke tilsat sukker", "image": "https://static-assets.digital.rema1000.dk/product/labels/31-64.webp"}], "description": null, "info": "", "images": [{"small": "https://rema-product-images.digital.rema1000.dk/81417/1-small-Z8qpRpGP3N.webp", "medium": "https://rema-product-images.digital.rema1000.dk/81417/1-medium-Z8qpRpGP3N.webp", "large": "https://rema-product-images.digital.rema1000.dk/81417/1-large-Z8qpRpGP3N.webp"}], "prices": [{"price": 10, "price_over_max_quantity": null, "max_quantity": null, "is_advertised": false, "is_campaign": false, "starting_at": "2022-06-22T00:00:00+00:00", "ending_at": "2099-12-31T00:00:00+00:00", "deposit": null, "compare_unit": "kg", "compare_unit_price": 200, "consumption_unit": null, "consumption_quantity": null}], "temperature_zone": null, "is_self_scale_item": false, "is_weight_item": false, "is_available_in_all_stores": true, "is_batch_item": false}
{"id": 138, "name": "I LIKE MIX", "underline": "275 GR. / HARIBO", "age_limit": null, "hazard_precaution_statements": [], "labels": [], "description": null, "info": "", "images": [{"small": "https://rema-product-images.digital.rema1000.dk/81442/1-small-A4Pydld9LV.webp", "medium": "https://rema-product-images.digital.rema1000.dk/81442/1-medium-A4Pydld9LV.webp", "large": "https://rema-product-images.digital.rema1000.dk/81442/1-large-A4Pydld9LV.webp"}], "prices": [{"price": 27.5, "price_over_max_quantity": null, "max_quantity": null, "is_advertised": false, "is_campaign": true, "starting_at": "2025-08-14T00:00:00+00:00", "ending_at": "2025-09-03T00:00:00+00:00", "deposit": null, "compare_unit": "kg", "compare_unit_price": 100, "consumption_unit": null, "consumption_quantity": null}], "temperature_zone": null, "is_self_scale_item": false, "is_weight_item": false, "is_available_in_all_stores": true, "is_batch_item": false}
{"id": 139, "name": "SLIKKEPINDE", "underline": "100 GR. / REMA 1000", "age_limit": null, "hazard_precaution_statements": [], "labels": [{"id": 2, "name": "REMA1000", "image": "https://static-assets.digital.rema1000.dk/product/labels/2-64.webp"}], "description": null, "info": "", "images": [{"small": "https://rema-product-images.digital.rema1000.dk/81463/1-small-rDq6E34obW.webp", "medium": "https://rema-product-images.digital.rema1000.dk/81463/1-medium-rDq6E34obW.webp", "large": "https://rema-product-images.digital.rema1000.dk/81463/1-large-rDq6E34obW.webp"}], "prices": [{"price": 11.95, "price_over_max_quantity": null, "max_quantity": null, "is_advertised": false, "is_campaign": false, "starting_at": "2023-02-16T00:00:00+00:00", "ending_at": "2099-12-31T00:00:00+00:00", "deposit": null, "compare_unit": "kg", "compare_unit_price": 119.5, "consumption_unit": null, "consumption_quantity": null}], "temperature_zone": null, "is_self_scale_item": false, "is_weight_item": false, "is_available_in_all_stores": true, "is_batch_item": false}
{"id": 140, "name": "ORIGINAL HIT", "underline": "129 GR. / GO'E STÆNGER", "age_limit": null, "hazard_precaution_statements": [], "labels": [], "description": null, "info": "", "images": [{"small": "https://rema-product-images.digital.rema1000.dk/81497/1-small-aboKe1G9pM.webp", "medium": "https://rema-product-images.digital.rema1000.dk/81497/1-medium-aboKe1G9pM.webp", "large": "https://rema-product-images.digital.rema1000.dk/81497/1-large-aboKe1G9pM.webp"}], "prices": [{"price": 15, "price_over_max_quantity": null, "max_quantity": null, "is_advertised": false, "is_campaign": true, "starting_at": "2025-08-07T00:00:00+00:00", "ending_at": "2025-09-03T00:00:00+00:00", "deposit": null, "compare_unit": "kg", "compare_unit_price": 116.28, "consumption_unit": null, "consumption_quantity": null}], "temperature_zone": null, "is_self_scale_item": false, "is_weight_item": false, "is_available_in_all_stores": true, "is_batch_item": false}
{"id": 141, "name": "ORANGESTÆNGER", "underline": "52 GR. / TOMS", "age_limit": null, "hazard_precaution_statements": [], "labels": [], "description": null, "info": "", "images": [{"small": "https://rema-product-images.digital.rema1000.dk/81520/1-small-AKqe5QZqp1.webp", "medium": "https://rema-product-images.digital.rema1000.dk/81520/1-medium-AKqe5QZqp1.webp", "large": "https://rema-product-images.digital.rema1000.dk/81520/1-large-AKqe5QZqp1.webp"}], "prices": [{"price": 18.95, "price_over_max_quantity": null, "max_quantity": null, "is_advertised": false, "is_campaign": false, "starting_at": "2025-02-06T00:00:00+00:00", "ending_at": "2099-12-31T00:00:00+00:00", "deposit": null, "compare_unit": "kg", "compare_unit_price": 364.42, "consumption_unit": null, "consumption_quantity": null}], "temperature_zone": null, "is_self_scale_item": false, "is_weight_item": false, "is_available_in_all_stores": true, "is_batch_item": false}
{"id": 142, "name": "VANILJE FUDGE", "underline": "170 GR. / REMA 1000", "age_limit": null, "hazard_precaution_statements": [], "labels": [{"id": 9001, "name": "Avisvare", "image": "https://static-assets.digital.rema1000.dk/product/labels/9001-64.webp"}, {"id": 2, "name": "REMA1000", "image": "https://static-assets.digital.rema1000.dk/product/labels/2-64.webp"}], "description": null, "info": "", "images": [{"small": "https://rema-product-images.digital.rema1000.dk/81561/1-small-Z8qpRA0P3N.webp", "medium": "https://rema-product-images.digital.rema1000.dk/81561/1-medium-Z8qpRA0P3N.webp", "large": "https://rema-product-images.digital.rema1000.dk/81561/1-large-Z8qpRA0P3N.webp"}], "prices": [{"price": 15, "price_over_max_quantity": null, "max_quantity": null, "is_advertised": true, "is_campaign": true, "starting_at": "2025-08-17T00:00:00+00:00", "ending_at": "2025-08-23T00:00:00+00:00", "deposit": null, "compare_unit": "kg", "compare_unit_price": 88.24, "consumption_unit": null, "consumption_quantity": null}, {"price": 20.95, "price_over_max_quantity": null, "max_quantity": null, "is_advertised": false, "is_campaign": false, "starting_at": "2025-08-24T00:00:00+00:00", "ending_at": "2099-12-31T00:00:00+00:00", "deposit": null, "compare_unit": "kg", "compare_unit_price": 123.24, "consumption_unit": null, "consumption_quantity": null}], "temperature_zone": null, "is_self_scale_item": false, "is_weight_item": false, "is_available_in_all_stores": true, "is_batch_item": false}
{"id": 143, "name": "LAKRIDS FUDGE", "underline": "170 GR. / REMA 1000", "age_limit": null, "hazard_precaution_statements": [], "labels": [{"id": 9001, "name": "Avisvare", "image": "https://static-assets.digital.rema1000.dk/product/labels/9001-64.webp"}, {"id": 2, "name": "REMA1000", "image": "https://static-assets.digital.rema1000.dk/product/labels/2-64.webp"}], "description": null, "info": "", "images": [{"small": "https://rema-product-images.digital.rema1000.dk/81562/1-small-2B94lp69kM.webp", "medium": "https://rema-product-images.digital.rema1000.dk/81562/1-medium-2B94lp69kM.webp", "large": "https://rema-product-images.digital.rema1000.dk/81562/1-large-2B94lp69kM.webp"}], "prices": [{"price": 15, "price_over_max_quantity": null, "max_quantity": null, "is_advertised": true, "is_campaign": false, "starting_at": "2025-08-17T00:00:00+00:00", "ending_at": "2025-11-15T00:00:00+00:00", "deposit": null, "compare_unit": "kg", "compare_unit_price": 88.24, "consumption_unit": null, "consumption_quantity": null}], "temperature_zone": null, "is_self_scale_item": false, "is_weight_item": false, "is_available_in_all_stores": true, "is_batch_item": true}
{"id": 144, "name": "SKOLEKRIDT", "underline": "110 GR. / FAZER", "age_limit": null, "hazard_precaution_statements": [], "labels": [], "description": null, "info": "", "images": [{"small": "https://rema-product-images.digital.rema1000.dk/81737/1-small-JzPJmdB9kb.webp", "medium": "https://rema-product-images.digital.rema1000.dk/81737/1-medium-JzPJmdB9kb.webp", "large": "https://rema-product-images.digital.rema1000.dk/81737/1-large-JzPJmdB9kb.webp"}], "prices": [{"price": 18.95, "price_over_max_quantity": null, "max_quantity": null, "is_advertised": false, "is_campaign": false, "starting_at": "2024-10-31T00:00:00+00:00", "ending_at": "2099-12-31T00:00:00+00:00", "deposit": null, "compare_unit": "kg", "compare_unit_price": 172.27, "consumption_unit": null, "consumption_quantity": null}], "temperature_zone": null, "is_self_scale_item": false, "is_weight_item": false, "is_available_in_all_stores": true, "is_batch_item": false}
{"id": 145, "name": "MÆLK MED HASSELNØD", "underline": "100 GR. / RITTER SPORT", "age_limit": null, "hazard_precaution_statements": [], "labels": [{"id": 9001, "name": "Avisvare", "image": "https://static-assets.digital.rema1000.dk/product/labels/9001-64.webp"}, {"id": 95, "name": "Rainforest Alliance", "image": "https://static-assets.digital.rema1000.dk/product/labels/95-64.webp"}], "description": "Mælkechokolade med hele hasselnødder (23%). Mindst 30% kakaotørstof i chokoladen.", "info": "", "images": [{"small": "https://rema-product-images.digital.rema1000.dk/81798/1-small-Al90ka3q8w.webp", "medium": "https://rema-product-images.digital.rema1000.dk/81798/1-medium-Al90ka3q8w.webp", "large": "https://rema-product-images.digital.rema1000.dk/81798/1-large-Al90ka3q8w.webp"}, {"small": "https://rema-product-images.digital.rema1000.dk/81798/2-small-Al90ka3q8w.webp", "medium": "https://rema-product-images.digital.rema1000.dk/81798/2-medium-Al90ka3q8w.webp", "large": "https://rema-product-images.digital.rema1000.dk/81798/2-large-Al90ka3q8w.webp"}], "prices": [{"price": 20, "price_over_max_quantity": null, "max_quantity": null, "is_advertised": true, "is_campaign": false, "starting_at": "2025-08-17T00:00:00+00:00", "ending_at": "2025-11-15T00:00:00+00:00", "deposit": null, "compare_unit": "kg", "compare_unit_price": 200, "consumption_unit": null, "consumption_quantity": null}], "temperature_zone": null, "is_self_scale_item": false, "is_weight_item": false, "is_available_in_all_stores": true, "is_batch_item": true}
{"id": 146, "name": "CHOKOLADE 72%", "underline": "100 GR. / REMA 1000, ORANGE", "age_limit": null, "hazard_precaution_statements": [], "labels": [{"id": 2, "name": "REMA1000", "image": "https://static-assets.digital.rema1000.dk/product/labels/2-64.webp"}, {"id": 95, "name": "Rainforest Alliance", "image": "https://static-assets.digital.rema1000.dk/product/labels/95-64.webp"}], "description": null, "info": "", "images": [{"small": "https://rema-product-images.digital.rema1000.dk/81865/1-small-bJ9YGYWoL5.webp", "medium": "https://rema-product-images.digital.rema1000.dk/81865/1-medium-bJ9YGYWoL5.webp", "large": "https://rema-product-images.digital.rema1000.dk/81865/1-large-bJ9YGYWoL5.webp"}], "prices": [{"price": 22.95, "price_over_max_quantity": null, "max_quantity": null, "is_advertised": false, "is_campaign": false, "starting_at": "2025-01-30T00:00:00+00:00", "ending_at": "2099-12-31T00:00:00+00:00", "deposit": null, "compare_unit": "kg", "compare_unit_price": 229.5, "consumption_unit": null, "consumption_quantity": null}], "temperature_zone": null, "is_self_scale_item": false, "is_weight_item": false, "is_available_in_all_stores": true, "is_batch_item": false}
{"id": 147, "name": "CLICK MIX", "underline": "250 GR. / HARIBO", "age_limit": null, "hazard_precaution_statements": [], "labels": [], "description": null, "info": "", "images": [{"small": "https://rema-product-images.digital.rema1000.dk/81882/1-small-MBoNZaZovA.webp", "medium": "https://rema-product-images.digital.rema1000.dk/81882/1-medium-MBoNZaZovA.webp", "large": "https://rema-product-images.digital.rema1000.dk/81882/1-large-MBoNZaZovA.webp"}], "prices": [{"price": 25, "price_over_max_quantity": null, "max_quantity": null, "is_advertised": false, "is_campaign": true, "starting_at": "2025-08-14T00:00:00+00:00", "ending_at": "2025-09-03T00:00:00+00:00", "deposit": null, "compare_unit": "kg", "compare_unit_price": 100, "consumption_unit": null, "consumption_quantity": null}], "temperature_zone": null, "is_self_scale_item": false, "is_weight_item": false, "is_available_in_all_stores": true, "is_batch_item": false}
{"id": 148, "name": "KICK ORIGINAL", "underline": "19 GR. / MALACO", "age_limit": null, "hazard_precaution_statements": [], "labels": [], "description": null, "info": "", "images": [{"small": "https://rema-product-images.digital.rema1000.dk/81965/1-small-bJ9YG5koL5.webp", "medium": "https://rema-product-images.digital.rema1000.dk/81965/1-medium-bJ9YG5koL5.webp", "large": "https://rema-product-images.digital.rema1000.dk/81965/1-large-bJ9YG5koL5.webp"}], "prices": [{"price": 6, "price_over_max_quantity": null, "max_quantity": null, "is_advertised": false, "is_campaign": false, "starting_at": "2023-02-09T00:00:00+00:00", "ending_at": "2099-12-31T00:00:00+00:00", "deposit": null, "compare_unit": "kg", "compare_unit_price": 315.79, "consumption_unit": null, "consumption_quantity": null}], "temperature_zone": null, "is_self_scale_item": false, "is_weight_item": false, "is_available_in_all_stores": true, "is_batch_item": false}
{"id": 149, "name": "SKIPPER'S PIPES", "underline": "17 GR. / MALACO, ORIGINAL", "age_limit": null, "hazard_precaution_statements": [], "labels": [], "description": null, "info": "", "images": [{"small": "https://rema-product-images.digital.rema1000.dk/81966/1-small-pyoz1KwPXn.webp", "medium": "https://rema-product-images.digital.rema1000.dk/81966/1-medium-pyoz1KwPXn.webp", "large": "https://rema-product-images.digital.rema1000.dk/81966/1-large-pyoz1KwPXn.webp"}], "prices": [{"price": 6, "price_over_max_quantity": null, "max_quantity": null, "is_advertised": false, "is_campaign": false, "starting_at": "2023-02-09T00:00:00+00:00", "ending_at": "2099-12-31T00:00:00+00:00", "deposit": null, "compare_unit": "kg", "compare_unit_price": 352.94, "consumption_unit": null, "consumption_quantity": null}], "temperature_zone": null, "is_self_scale_item": false, "is_weight_item": false, "is_available_in_all_stores": true, "is_batch_item": false}
{"id": 150, "name": "SNØRE KARAMEL", "underline": "94 GR. / MALACO", "age_limit": null, "hazard_precaution_statements": [], "labels": [], "description": null, "info": "", "images": [{"small": "https://rema-product-images.digital.rema1000.dk/82011/1-small-A5qV2LpqaQ.webp", "medium": "https://rema-product-images.digital.rema1000.dk/82011/1-medium-A5qV2LpqaQ.webp", "large": "https://rema-product-images.digital.rema1000.dk/82011/1-large-A5qV2LpqaQ.webp"}], "prices": [{"price": 18.5, "price_over_max_quantity": null, "max_quantity": null, "is_advertised": false, "is_campaign": false, "starting_at": "2024-03-14T00:00:00+00:00", "ending_at": "2099-12-31T00:00:00+00:00", "deposit": null, "compare_unit": "kg", "compare_unit_price": 196.81, "consumption_unit": null, "consumption_quantity": null}], "temperature_zone": null, "is_self_scale_item": false, "is_weight_item": false, "is_available_in_all_stores": true, "is_batch_item": false}
{"id": 151, "name": "CRAZY FROGS", "underline": "70 GR. / EVERS", "age_limit": null, "hazard_precaution_statements": [], "labels": [{"id": 31, "name": "Ikke tilsat sukker", "image": "https://static-assets.digital.rema1000.dk/product/labels/31-64.webp"}], "description": null, "info": "", "images": [{"small": "https://rema-product-images.digital.rema1000.dk/82105/1-small-xQq8BKgPZd.webp", "medium": "https://rema-product-images.digital.rema1000.dk/82105/1-medium-xQq8BKgPZd.webp", "large": "https://rema-product-images.digital.rema1000.dk/82105/1-large-xQq8BKgPZd.webp"}], "prices": [{"price": 14.95, "price_over_max_quantity": null, "max_quantity": null, "is_advertised": false, "is_campaign": false, "starting_at": "2023-03-16T00:00:00+00:00", "ending_at": "2099-12-31T00:00:00+00:00", "deposit": null, "compare_unit": "kg", "compare_unit_price": 213.57, "consumption_unit": null, "consumption_quantity": null}], "temperature_zone": null, "is_self_scale_item": false, "is_weight_item": false, "is_available_in_all_stores": true, "is_batch_item": false}
{"id": 152, "name": "NATURAL BASED GUM", "underline": "24 GR. / REMA 1000, PEPPERMINT", "age_limit": null, "hazard_precaution_statements": [], "labels": [{"id": 2, "name": "REMA1000", "image": "https://static-assets.digital.rema1000.dk/product/labels/2-64.webp"}, {"id": 31, "name": "Ikke tilsat sukker", "image": "https://static-assets.digital.rema1000.dk/product/labels/31-64.webp"}], "description": null, "info": "", "images": [{"small": "https://rema-product-images.digital.rema1000.dk/82243/1-small-dyomXRYPVm.webp", "medium": "https://rema-product-images.digital.rema1000.dk/82243/1-medium-dyomXRYPVm.webp", "large": "https://rema-product-images.digital.rema1000.dk/82243/1-large-dyomXRYPVm.webp"}], "prices": [{"price": 10, "price_over_max_quantity": null, "max_quantity": null, "is_advertised": false, "is_campaign": false, "starting_at": "2021-12-16T00:00:00+00:00", "ending_at": "2099-12-31T00:00:00+00:00", "deposit": null, "compare_unit": "kg", "compare_unit_price": 416.67, "consumption_unit": null, "consumption_quantity": null}], "temperature_zone": null, "is_self_scale_item": false, "is_weight_item": false, "is_available_in_all_stores": true, "is_batch_item": false}
{"id": 153, "name": "FYLDTE FAVORITTER", "underline": "100 GR. / SPANGSBERG", "age_limit": null, "hazard_precaution_statements": [], "labels": [], "description": null, "info": "", "images": [{"small": "https://rema-product-images.digital.rema1000.dk/82301/1-small-ElPBV5QPkG.webp", "medium": "https://rema-product-images.digital.rema1000.dk/82301/1-medium-ElPBV5QPkG.webp", "large": "https://rema-product-images.digital.rema1000.dk/82301/1-large-ElPBV5QPkG.webp"}], "prices": [{"price": 27, "price_over_max_quantity": null, "max_quantity": null, "is_advertised": false, "is_campaign": false, "starting_at": "2024-08-01T00:00:00+00:00", "ending_at": "2099-12-31T00:00:00+00:00", "deposit": null, "compare_unit": "kg", "compare_unit_price": 270, "consumption_unit": null, "consumption_quantity": null}], "temperature_zone": null, "is_self_scale_item": false, "is_weight_item": false, "is_available_in_all_stores": true, "is_batch_item": false}
{"id": 154, "name": "POLO", "underline": "34 GR.", "age_limit": null, "hazard_precaution_statements": [], "labels": [], "description": null, "info": "", "images": [{"small": "https://rema-product-images.digital.rema1000.dk/82309/1-small-aboKebn9pM.webp", "medium": "https://rema-product-images.digital.rema1000.dk/82309/1-medium-aboKebn9pM.webp", "large": "https://rema-product-images.digital.rema1000.dk/82309/1-large-aboKebn9pM.webp"}], "prices": [{"price": 7.95, "price_over_max_quantity": null, "max_quantity": null, "is_advertised": false, "is_campaign": false, "starting_at": "2023-02-09T00:00:00+00:00", "ending_at": "2099-12-31T00:00:00+00:00", "deposit": null, "compare_unit": "kg", "compare_unit_price": 233.82, "consumption_unit": null, "consumption_quantity": null}], "temperature_zone": null, "is_self_scale_item": false, "is_weight_item": false, "is_available_in_all_stores": true, "is_batch_item": false}
{"id": 155, "name": "LAKRIDSPASTILLER", "underline": "25 GR. / REMA 1000", "age_limit": null, "hazard_precaution_statements": [], "labels": [{"id": 2, "name": "REMA1000", "image": "https://static-assets.digital.rema1000.dk/product/labels/2-64.webp"}], "description": null, "info": "", "images": [{"small": "https://rema-product-images.digital.rema1000.dk/82313/1-small-wyPbBNVPEm.webp", "medium": "https://rema-product-images.digital.rema1000.dk/82313/1-medium-wyPbBNVPEm.webp", "large": "https://rema-product-images.digital.rema1000.dk/82313/1-large-wyPbBNVPEm.webp"}], "prices": [{"price": 4, "price_over_max_quantity": null, "max_quantity": null, "is_advertised": false, "is_campaign": false, "starting_at": "2023-02-16T00:00:00+00:00", "ending_at": "2099-12-31T00:00:00+00:00", "deposit": null, "compare_unit": "kg", "compare_unit_price": 160, "consumption_unit": null, "consumption_quantity": null}], "temperature_zone": null, "is_self_scale_item": false, "is_weight_item": false, "is_available_in_all_stores": true, "is_batch_item": false}
{"id": 156, "name": "PASTILLER MINTSMAG", "underline": "33 GR. / REMA 1000", "age_limit": null, "hazard_precaution_statements": [], "labels": [{"id": 2, "name": "REMA1000", "image": "https://static-assets.digital.rema1000.dk/product/labels/2-64.webp"}], "description": null, "info": "", "images": [{"small": "https://rema-product-images.digital.rema1000.dk/82316/1-small-6xqA0MYoDr.webp", "medium": "https://rema-product-images.digital.rema1000.dk/82316/1-medium-6xqA0MYoDr.webp", "large": "https://rema-product-images.digital.rema1000.dk/82316/1-large-6xqA0MYoDr.webp"}], "prices": [{"price": 6, "price_over_max_quantity": null, "max_quantity": null, "is_advertised": false, "is_campaign": false, "starting_at": "2023-02-16T00:00:00+00:00", "ending_at": "2099-12-31T00:00:00+00:00", "deposit": null, "compare_unit": "kg", "compare_unit_price": 181.82, "consumption_unit": null, "consumption_quantity": null}], "temperature_zone": null, "is_self_scale_item": false, "is_weight_item": false, "is_available_in_all_stores": true, "is_batch_item": false}
{"id": 157, "name": "SUPER FLYERS", "underline": "45 GR.", "age_limit": null, "hazard_precaution_statements": [], "labels": [], "description": null, "info": "", "images": [{"small": "https://rema-product-images.digital.rema1000.dk/82350/1-small-vVorpmv93z.webp", "medium": "https://rema-product-images.digital.rema1000.dk/82350/1-medium-vVorpmv93z.webp", "large": "https://rema-product-images.digital.rema1000.dk/82350/1-large-vVorpmv93z.webp"}], "prices": [{"price": 13.5, "price_over_max_quantity": null, "max_quantity": null, "is_advertised": false, "is_campaign": false, "starting_at": "2023-02-09T00:00:00+00:00", "ending_at": "2099-12-31T00:00:00+00:00", "deposit": null, "compare_unit": "kg", "compare_unit_price": 300, "consumption_unit": null, "consumption_quantity": null}], "temperature_zone": null, "is_self_scale_item": false, "is_weight_item": false, "is_available_in_all_stores": true, "is_batch_item": false}
{"id": 158, "name": "BISCUIT BAR", "underline": "30 GR. / EASIS, TOFFEE", "age_limit": null, "hazard_precaution_statements": [], "labels": [{"id": 31, "name": "Ikke tilsat sukker", "image": "https://static-assets.digital.rema1000.dk/product/labels/31-64.webp"}], "description": null, "info": "", "images": [{"small": "https://rema-product-images.digital.rema1000.dk/82442/1-small-A4Pyd4k9LV.webp", "medium": "https://rema-product-images.digital.rema1000.dk/82442/1-medium-A4Pyd4k9LV.webp", "large": "https://rema-product-images.digital.rema1000.dk/82442/1-large-A4Pyd4k9LV.webp"}], "prices": [{"price": 12.95, "price_over_max_quantity": null, "max_quantity": null, "is_advertised": false, "is_campaign": false, "starting_at": "2025-08-17T00:00:00+00:00", "ending_at": "2099-12-31T00:00:00+00:00", "deposit": null, "compare_unit": "kg", "compare_unit_price": 431.67, "consumption_unit": null, "consumption_quantity": null}], "temperature_zone": null, "is_self_scale_item": false, "is_weight_item": false, "is_available_in_all_stores": true, "is_batch_item": false}
{"id": 159, "name": "TAPPSY", "underline": "100 GR. / KATJES", "age_limit": null, "hazard_precaution_statements": [], "labels": [], "description": null, "info": "", "images": [{"small": "https://rema-product-images.digital.rema1000.dk/82455/1-small-A5qV2jwqaQ.webp", "medium": "https://rema-product-images.digital.rema1000.dk/82455/1-medium-A5qV2jwqaQ.webp", "large": "https://rema-product-images.digital.rema1000.dk/82455/1-large-A5qV2jwqaQ.webp"}], "prices": [{"price": 15.95, "price_over_max_quantity": null, "max_quantity": null, "is_advertised": false, "is_campaign": false, "starting_at": "2024-07-04T00:00:00+00:00", "ending_at": "2099-12-31T00:00:00+00:00", "deposit": null, "compare_unit": "kg", "compare_unit_price": 159.5, "consumption_unit": null, "consumption_quantity": null}], "temperature_zone": null, "is_self_scale_item": false, "is_weight_item": false, "is_available_in_all_stores": true, "is_batch_item": false}
{"id": 160, "name": "SALTE FISK", "underline": "100 GR. / KATJES", "age_limit": null, "hazard_precaution_statements": [], "labels": [], "description": null, "info": "", "images": [{"small": "https://rema-product-images.digital.rema1000.dk/82468/1-small-vXodMwZq3k.webp", "medium": "https://rema-product-images.digital.rema1000.dk/82468/1-medium-vXodMwZq3k.webp", "large": "https://rema-product-images.digital.rema1000.dk/82468/1-large-vXodMwZq3k.webp"}], "prices": [{"price": 15.95, "price_over_max_quantity": null, "max_quantity": null, "is_advertised": false, "is_campaign": false, "starting_at": "2024-07-04T00:00:00+00:00", "ending_at": "2099-12-31T00:00:00+00:00", "deposit": null, "compare_unit": "kg", "compare_unit_price": 159.5, "consumption_unit": null, "consumption_quantity": null}], "temperature_zone": null, "is_self_scale_item": false, "is_weight_item": false, "is_available_in_all_stores": true, "is_batch_item": false}
{"id": 161, "name": "PINGVIN POLET", "underline": "250 GR. / TOMS", "age_limit": null, "hazard_precaution_statements": [], "labels": [], "description": null, "info": "", "images": [{"small": "https://rema-product-images.digital.rema1000.dk/82508/1-small-NpP7w3DPOl.webp", "medium": "https://rema-product-images.digital.rema1000.dk/82508/1-medium-NpP7w3DPOl.webp", "large": "https://rema-product-images.digital.rema1000.dk/82508/1-large-NpP7w3DPOl.webp"}], "prices": [{"price": 27.5, "price_over_max_quantity": null, "max_quantity": null, "is_advertised": false, "is_campaign": true, "starting_at": "2025-08-07T00:00:00+00:00", "ending_at": "2025-09-03T00:00:00+00:00", "deposit": null, "compare_unit": "kg", "compare_unit_price": 110, "consumption_unit": null, "consumption_quantity": null}], "temperature_zone": null, "is_self_scale_item": false, "is_weight_item": false, "is_available_in_all_stores": true, "is_batch_item": false}
{"id": 162, "name": "EXCELLENCE 70%", "underline": "100 GR. / LINDT", "age_limit": null, "hazard_precaution_statements": [], "labels": [], "description": null, "info": "", "images": [{"small": "https://rema-product-images.digital.rema1000.dk/82522/1-small-pyoz1WAPXn.webp", "medium": "https://rema-product-images.digital.rema1000.dk/82522/1-medium-pyoz1WAPXn.webp", "large": "https://rema-product-images.digital.rema1000.dk/82522/1-large-pyoz1WAPXn.webp"}], "prices": [{"price": 33, "price_over_max_quantity": null, "max_quantity": null, "is_advertised": false, "is_campaign": false, "starting_at": "2025-02-06T00:00:00+00:00", "ending_at": "2099-12-31T00:00:00+00:00", "deposit": null, "compare_unit": "kg", "compare_unit_price": 330, "consumption_unit": null, "consumption_quantity": null}], "temperature_zone": null, "is_self_scale_item": false, "is_weight_item": false, "is_available_in_all_stores": true, "is_batch_item": false}
{"id": 163, "name": "KARAMEL SALT FUDGE", "underline": "160 GR. / REMA 1000", "age_limit": null, "hazard_precaution_statements": [], "labels": [{"id": 9001, "name": "Avisvare", "image": "https://static-assets.digital.rema1000.dk/product/labels/9001-64.webp"}, {"id": 2, "name": "REMA1000", "image": "https://static-assets.digital.rema1000.dk/product/labels/2-64.webp"}], "description": null, "info": "", "images": [{"small": "https://rema-product-images.digital.rema1000.dk/82724/1-small-vXodMzYq3k.webp", "medium": "https://rema-product-images.digital.rema1000.dk/82724/1-medium-vXodMzYq3k.webp", "large": "https://rema-product-images.digital.rema1000.dk/82724/1-large-vXodMzYq3k.webp"}], "prices": [{"price": 15, "price_over_max_quantity": null, "max_quantity": null, "is_advertised": true, "is_campaign": false, "starting_at": "2025-08-17T00:00:00+00:00", "ending_at": "2025-11-15T00:00:00+00:00", "deposit": null, "compare_unit": "kg", "compare_unit_price": 93.75, "consumption_unit": null, "consumption_quantity": null}], "temperature_zone": null, "is_self_scale_item": false, "is_weight_item": false, "is_available_in_all_stores": true, "is_batch_item": true}
{"id": 164, "name": "MÆLKECHOKOLADE", "underline": "100 GR. / REMA 1000", "age_limit": null, "hazard_precaution_statements": [], "labels": [{"id": 2, "name": "REMA1000", "image": "https://static-assets.digital.rema1000.dk/product/labels/2-64.webp"}, {"id": 95, "name": "Rainforest Alliance", "image": "https://static-assets.digital.rema1000.dk/product/labels/95-64.webp"}], "description": null, "info": "", "images": [{"small": "https://rema-product-images.digital.rema1000.dk/82886/1-small-A4PydaL9LV.webp", "medium": "https://rema-product-images.digital.rema1000.dk/82886/1-medium-A4PydaL9LV.webp", "large": "https://rema-product-images.digital.rema1000.dk/82886/1-large-A4PydaL9LV.webp"}], "prices": [{"price": 14.95, "price_over_max_quantity": null, "max_quantity": null, "is_advertised": false, "is_campaign": false, "starting_at": "2025-01-30T00:00:00+00:00", "ending_at": "2099-12-31T00:00:00+00:00", "deposit": null, "compare_unit": "kg", "compare_unit_price": 149.5, "consumption_unit": null, "consumption_quantity": null}], "temperature_zone": null, "is_self_scale_item": false, "is_weight_item": false, "is_available_in_all_stores": true, "is_batch_item": false}
{"id": 165, "name": "MØRK CHOKOLADE", "underline": "100 GR. / REMA 1000", "age_limit": null, "hazard_precaution_statements": [], "labels": [{"id": 2, "name": "REMA1000", "image": "https://static-assets.digital.rema1000.dk/product/labels/2-64.webp"}, {"id": 95, "name": "Rainforest Alliance", "image": "https://static-assets.digital.rema1000.dk/product/labels/95-64.webp"}], "description": null, "info": "", "images": [{"small": "https://rema-product-images.digital.rema1000.dk/82888/1-small-xePwz3E9w8.webp", "medium": "https://rema-product-images.digital.rema1000.dk/82888/1-medium-xePwz3E9w8.webp", "large": "https://rema-product-images.digital.rema1000.dk/82888/1-large-xePwz3E9w8.webp"}], "prices": [{"price": 14.95, "price_over_max_quantity": null, "max_quantity": null, "is_advertised": false, "is_campaign": false, "starting_at": "2025-03-27T00:00:00+00:00", "ending_at": "2099-12-31T00:00:00+00:00", "deposit": null, "compare_unit": "kg", "compare_unit_price": 149.5, "consumption_unit": null, "consumption_quantity": null}], "temperature_zone": null, "is_self_scale_item": false, "is_weight_item": false, "is_available_in_all_stores": true, "is_batch_item": false}
{"id": 166, "name": "PÅLÆGSCHOKOLADE", "underline": "120 GR. / REMA 1000, LYS", "age_limit": null, "hazard_precaution_statements": [], "labels": [{"id": 2, "name": "REMA1000", "image": "https://static-assets.digital.rema1000.dk/product/labels/2-64.webp"}, {"id": 95, "name": "Rainforest Alliance", "image": "https://static-assets.digital.rema1000.dk/product/labels/95-64.webp"}], "description": "Mælkechokolade med mindst 25 % kakaotørstof. 30 stk", "info": "", "images": [{"small": "https://rema-product-images.digital.rema1000.dk/82913/1-small-wyPbB4MPEm.webp", "medium": "https://rema-product-images.digital.rema1000.dk/82913/1-medium-wyPbB4MPEm.webp", "large": "https://rema-product-images.digital.rema1000.dk/82913/1-large-wyPbB4MPEm.webp"}], "prices": [{"price": 22.4, "price_over_max_quantity": null, "max_quantity": null, "is_advertised": false, "is_campaign": false, "starting_at": "2025-05-08T00:00:00+00:00", "ending_at": "2099-12-31T00:00:00+00:00", "deposit": null, "compare_unit": "kg", "compare_unit_price": 186.67, "consumption_unit": null, "consumption_quantity": null}], "temperature_zone": null, "is_self_scale_item": false, "is_weight_item": false, "is_available_in_all_stores": true, "is_batch_item": false}
{"id": 167, "name": "SCHWEIZERNØD", "underline": "150 GR. / MARABOU", "age_limit": null, "hazard_precaution_statements": [], "labels": [], "description": null, "info": "", "images": [{"small": "https://rema-product-images.digital.rema1000.dk/83001/1-small-ElPBVe8PkG.webp", "medium": "https://rema-product-images.digital.rema1000.dk/83001/1-medium-ElPBVe8PkG.webp", "large": "https://rema-product-images.digital.rema1000.dk/83001/1-large-ElPBVe8PkG.webp"}], "prices": [{"price": 39.95, "price_over_max_quantity": null, "max_quantity": null, "is_advertised": false, "is_campaign": false, "starting_at": "2025-07-03T00:00:00+00:00", "ending_at": "2099-12-31T00:00:00+00:00", "deposit": null, "compare_unit": "kg", "compare_unit_price": 266.33, "consumption_unit": null, "consumption_quantity": null}], "temperature_zone": null, "is_self_scale_item": false, "is_weight_item": false, "is_available_in_all_stores": true, "is_batch_item": false}
{"id": 168, "name": "SMARTIES", "underline": "38 GR. / NESTLE", "age_limit": null, "hazard_precaution_statements": [], "labels": [], "description": null, "info": "", "images": [{"small": "https://rema-product-images.digital.rema1000.dk/83002/1-small-kAonb3jox8.webp", "medium": "https://rema-product-images.digital.rema1000.dk/83002/1-medium-kAonb3jox8.webp", "large": "https://rema-product-images.digital.rema1000.dk/83002/1-large-kAonb3jox8.webp"}], "prices": [{"price": 10, "price_over_max_quantity": null, "max_quantity": null, "is_advertised": false, "is_campaign": true, "starting_at": "2025-08-07T00:00:00+00:00", "ending_at": "2025-09-03T00:00:00+00:00", "deposit": null, "compare_unit": "kg", "compare_unit_price": 263.16, "consumption_unit": null, "consumption_quantity": null}], "temperature_zone": null, "is_self_scale_item": false, "is_weight_item": false, "is_available_in_all_stores": true, "is_batch_item": false}
{"id": 169, "name": "LAKRIDS TWIST", "underline": "275 GR. / TOMS", "age_limit": null, "hazard_precaution_statements": [], "labels": [], "description": null, "info": "", "images": [{"small": "https://rema-product-images.digital.rema1000.dk/83112/1-small-18oXjLL9kb.webp", "medium": "https://rema-product-images.digital.rema1000.dk/83112/1-medium-18oXjLL9kb.webp", "large": "https://rema-product-images.digital.rema1000.dk/83112/1-large-18oXjLL9kb.webp"}], "prices": [{"price": 27.5, "price_over_max_quantity": null, "max_quantity": null, "is_advertised": false, "is_campaign": true, "starting_at": "2025-08-07T00:00:00+00:00", "ending_at": "2025-09-03T00:00:00+00:00", "deposit": null, "compare_unit": "kg", "compare_unit_price": 100, "consumption_unit": null, "consumption_quantity": null}], "temperature_zone": null, "is_self_scale_item": false, "is_weight_item": false, "is_available_in_all_stores": true, "is_batch_item": false}
{"id": 170, "name": "KIKS & KARAMELBAR", "underline": "58 GR. / REMA 1000", "age_limit": null, "hazard_precaution_statements": [], "labels": [{"id": 2, "name": "REMA1000", "image": "https://static-assets.digital.rema1000.dk/product/labels/2-64.webp"}, {"id": 95, "name": "Rainforest Alliance", "image": "https://static-assets.digital.rema1000.dk/product/labels/95-64.webp"}], "description": "Snackbar med 33 % karamel, 32 % kiks og 35 % mælkechokoladeovertræk. Kan indeholde spor af byg, havre, jordnødder, æg, soja, mandler og hasselnødder.", "info": "", "images": [{"small": "https://rema-product-images.digital.rema1000.dk/83144/1-small-xePwzM89w8.webp", "medium": "https://rema-product-images.digital.rema1000.dk/83144/1-medium-xePwzM89w8.webp", "large": "https://rema-product-images.digital.rema1000.dk/83144/1-large-xePwzM89w8.webp"}], "prices": [{"price": 7.95, "price_over_max_quantity": null, "max_quantity": null, "is_advertised": false, "is_campaign": false, "starting_at": "2025-04-24T00:00:00+00:00", "ending_at": "2099-12-31T00:00:00+00:00", "deposit": null, "compare_unit": "kg", "compare_unit_price": 137.07, "consumption_unit": null, "consumption_quantity": null}], "temperature_zone": null, "is_self_scale_item": false, "is_weight_item": false, "is_available_in_all_stores": true, "is_batch_item": false}
{"id": 171, "name": "KOKOSBAR", "underline": "56 GR. / REMA 1000", "age_limit": null, "hazard_precaution_statements": [], "labels": [{"id": 2, "name": "REMA1000", "image": "https://static-assets.digital.rema1000.dk/product/labels/2-64.webp"}, {"id": 95, "name": "Rainforest Alliance", "image": "https://static-assets.digital.rema1000.dk/product/labels/95-64.webp"}], "description": "Snackbar med 64 % kokosfyld og 36 % mælkechokoladeovertræk. Kan indeholde spor af hvede, byg, havre, jordnødder, æg , soja, mandler og hasselnødder.", "info": "", "images": [{"small": "https://rema-product-images.digital.rema1000.dk/83145/1-small-ElPBVWlPkG.webp", "medium": "https://rema-product-images.digital.rema1000.dk/83145/1-medium-ElPBVWlPkG.webp", "large": "https://rema-product-images.digital.rema1000.dk/83145/1-large-ElPBVWlPkG.webp"}], "prices": [{"price": 7.95, "price_over_max_quantity": null, "max_quantity": null, "is_advertised": false, "is_campaign": false, "starting_at": "2025-04-24T00:00:00+00:00", "ending_at": "2099-12-31T00:00:00+00:00", "deposit": null, "compare_unit": "kg", "compare_unit_price": 141.96, "consumption_unit": null, "consumption_quantity": null}], "temperature_zone": null, "is_self_scale_item": false, "is_weight_item": false, "is_available_in_all_stores": true, "is_batch_item": false}
{"id": 172, "name": "KARAMELBAR", "underline": "50 GR. / REMA 1000", "age_limit": null, "hazard_precaution_statements": [], "labels": [{"id": 2, "name": "REMA1000", "image": "https://static-assets.digital.rema1000.dk/product/labels/2-64.webp"}, {"id": 95, "name": "Rainforest Alliance", "image": "https://static-assets.digital.rema1000.dk/product/labels/95-64.webp"}], "description": "Snackbar med 40 % mælkechokolade, 33 % nougat og 27 % karamel. Kan indeholde spor af hvede, havre, jordnødder, æg, soja, mandler og hasselnødder.", "info": "", "images": [{"small": "https://rema-product-images.digital.rema1000.dk/83146/1-small-kAonbkEox8.webp", "medium": "https://rema-product-images.digital.rema1000.dk/83146/1-medium-kAonbkEox8.webp", "large": "https://rema-product-images.digital.rema1000.dk/83146/1-large-kAonbkEox8.webp"}], "prices": [{"price": 7.95, "price_over_max_quantity": null, "max_quantity": null, "is_advertised": false, "is_campaign": false, "starting_at": "2025-04-24T00:00:00+00:00", "ending_at": "2099-12-31T00:00:00+00:00", "deposit": null, "compare_unit": "kg", "compare_unit_price": 159, "consumption_unit": null, "consumption_quantity": null}], "temperature_zone": null, "is_self_scale_item": false, "is_weight_item": false, "is_available_in_all_stores": true, "is_batch_item": false}
{"id": 173, "name": "PEANUTBAR", "underline": "50 GR. / REMA 1000", "age_limit": null, "hazard_precaution_statements": [], "labels": [{"id": 2, "name": "REMA1000", "image": "https://static-assets.digital.rema1000.dk/product/labels/2-64.webp"}, {"id": 95, "name": "Rainforest Alliance", "image": "https://static-assets.digital.rema1000.dk/product/labels/95-64.webp"}], "description": "Snackbar med 27 % karamel, 24 % jordnødder, 14 % nougat og 35 % mælkechokoladeovertræk.  Kan indeholde spor af hvede, byg, havre, æg, soja, mandler og hasselnødder.", "info": "", "images": [{"small": "https://rema-product-images.digital.rema1000.dk/83147/1-small-3MoMznkq5E.webp", "medium": "https://rema-product-images.digital.rema1000.dk/83147/1-medium-3MoMznkq5E.webp", "large": "https://rema-product-images.digital.rema1000.dk/83147/1-large-3MoMznkq5E.webp"}], "prices": [{"price": 7.95, "price_over_max_quantity": null, "max_quantity": null, "is_advertised": false, "is_campaign": false, "starting_at": "2025-04-24T00:00:00+00:00", "ending_at": "2099-12-31T00:00:00+00:00", "deposit": null, "compare_unit": "kg", "compare_unit_price": 159, "consumption_unit": null, "consumption_quantity": null}], "temperature_zone": null, "is_self_scale_item": false, "is_weight_item": false, "is_available_in_all_stores": true, "is_batch_item": false}
{"id": 174, "name": "SNICKERS", "underline": "18 GR. / MINI", "age_limit": null, "hazard_precaution_statements": [], "labels": [], "description": null, "info": "", "images": [{"small": "https://rema-product-images.digital.rema1000.dk/83162/1-small-2B94llY9kM.webp", "medium": "https://rema-product-images.digital.rema1000.dk/83162/1-medium-2B94llY9kM.webp", "large": "https://rema-product-images.digital.rema1000.dk/83162/1-large-2B94llY9kM.webp"}], "prices": [{"price": 3.95, "price_over_max_quantity": null, "max_quantity": null, "is_advertised": false, "is_campaign": false, "starting_at": "2025-02-06T00:00:00+00:00", "ending_at": "2099-12-31T00:00:00+00:00", "deposit": null, "compare_unit": "kg", "compare_unit_price": 219.44, "consumption_unit": null, "consumption_quantity": null}], "temperature_zone": null, "is_self_scale_item": false, "is_weight_item": false, "is_available_in_all_stores": true, "is_batch_item": false}
{"id": 175, "name": "TWIX", "underline": "20 GR. / MINI", "age_limit": null, "hazard_precaution_statements": [], "labels": [], "description": "Twix er en gammel kending med smag af kiks og karamel. Chokoladebaren får du her i en miniudgave i en pose, som indeholder 366 gram af den knasende chokoladebar i små indpakninger.", "info": "", "images": [{"small": "https://rema-product-images.digital.rema1000.dk/83163/1-small-rDq6EE3obW.webp", "medium": "https://rema-product-images.digital.rema1000.dk/83163/1-medium-rDq6EE3obW.webp", "large": "https://rema-product-images.digital.rema1000.dk/83163/1-large-rDq6EE3obW.webp"}], "prices": [{"price": 3.95, "price_over_max_quantity": null, "max_quantity": null, "is_advertised": false, "is_campaign": false, "starting_at": "2025-02-06T00:00:00+00:00", "ending_at": "2099-12-31T00:00:00+00:00", "deposit": null, "compare_unit": "kg", "compare_unit_price": 197.5, "consumption_unit": null, "consumption_quantity": null}], "temperature_zone": null, "is_self_scale_item": false, "is_weight_item": false, "is_available_in_all_stores": true, "is_batch_item": false}
{"id": 176, "name": "BOUNTY", "underline": "28.5 GR. / MINI", "age_limit": null, "hazard_precaution_statements": [], "labels": [], "description": null, "info": "", "images": [{"small": "https://rema-product-images.digital.rema1000.dk/83164/1-small-AKqe55Qqp1.webp", "medium": "https://rema-product-images.digital.rema1000.dk/83164/1-medium-AKqe55Qqp1.webp", "large": "https://rema-product-images.digital.rema1000.dk/83164/1-large-AKqe55Qqp1.webp"}], "prices": [{"price": 5.95, "price_over_max_quantity": null, "max_quantity": null, "is_advertised": false, "is_campaign": false, "starting_at": "2025-07-03T00:00:00+00:00", "ending_at": "2099-12-31T00:00:00+00:00", "deposit": null, "compare_unit": "kg", "compare_unit_price": 208.77, "consumption_unit": null, "consumption_quantity": null}], "temperature_zone": null, "is_self_scale_item": false, "is_weight_item": false, "is_available_in_all_stores": true, "is_batch_item": false}
{"id": 177, "name": "WEISS + CRISP", "underline": "100 GR. / RITTER SPORT", "age_limit": null, "hazard_precaution_statements": [], "labels": [{"id": 9001, "name": "Avisvare", "image": "https://static-assets.digital.rema1000.dk/product/labels/9001-64.webp"}, {"id": 95, "name": "Rainforest Alliance", "image": "https://static-assets.digital.rema1000.dk/product/labels/95-64.webp"}], "description": null, "info": "", "images": [{"small": "https://rema-product-images.digital.rema1000.dk/83268/1-small-vXodamxq3k.webp", "medium": "https://rema-product-images.digital.rema1000.dk/83268/1-medium-vXodamxq3k.webp", "large": "https://rema-product-images.digital.rema1000.dk/83268/1-large-vXodamxq3k.webp"}, {"small": "https://rema-product-images.digital.rema1000.dk/83268/2-small-vXodamxq3k.webp", "medium": "https://rema-product-images.digital.rema1000.dk/83268/2-medium-vXodamxq3k.webp", "large": "https://rema-product-images.digital.rema1000.dk/83268/2-large-vXodamxq3k.webp"}], "prices": [{"price": 20, "price_over_max_quantity": null, "max_quantity": null, "is_advertised": true, "is_campaign": false, "starting_at": "2025-08-17T00:00:00+00:00", "ending_at": "2025-11-15T00:00:00+00:00", "deposit": null, "compare_unit": "kg", "compare_unit_price": 200, "consumption_unit": null, "consumption_quantity": null}], "temperature_zone": null, "is_self_scale_item": false, "is_weight_item": false, "is_available_in_all_stores": true, "is_batch_item": true}
{"id": 178, "name": "KIKS", "underline": "100 GR. / RITTER SPORT", "age_limit": null, "hazard_precaution_statements": [], "labels": [{"id": 9001, "name": "Avisvare", "image": "https://static-assets.digital.rema1000.dk/product/labels/9001-64.webp"}, {"id": 95, "name": "Rainforest Alliance", "image": "https://static-assets.digital.rema1000.dk/product/labels/95-64.webp"}], "description": null, "info": "", "images": [{"small": "https://rema-product-images.digital.rema1000.dk/83275/1-small-01q2vWYq7n.webp", "medium": "https://rema-product-images.digital.rema1000.dk/83275/1-medium-01q2vWYq7n.webp", "large": "https://rema-product-images.digital.rema1000.dk/83275/1-large-01q2vWYq7n.webp"}, {"small": "https://rema-product-images.digital.rema1000.dk/83275/2-small-01q2vWYq7n.webp", "medium": "https://rema-product-images.digital.rema1000.dk/83275/2-medium-01q2vWYq7n.webp", "large": "https://rema-product-images.digital.rema1000.dk/83275/2-large-01q2vWYq7n.webp"}], "prices": [{"price": 20, "price_over_max_quantity": null, "max_quantity": null, "is_advertised": true, "is_campaign": true, "starting_at": "2025-08-17T00:00:00+00:00", "ending_at": "2025-08-23T00:00:00+00:00", "deposit": null, "compare_unit": "kg", "compare_unit_price": 200, "consumption_unit": null, "consumption_quantity": null}, {"price": 26.95, "price_over_max_quantity": null, "max_quantity": null, "is_advertised": false, "is_campaign": false, "starting_at": "2025-08-24T00:00:00+00:00", "ending_at": "2099-12-31T00:00:00+00:00", "deposit": null, "compare_unit": "kg", "compare_unit_price": 269.5, "consumption_unit": null, "consumption_quantity": null}], "temperature_zone": null, "is_self_scale_item": false, "is_weight_item": false, "is_available_in_all_stores": true, "is_batch_item": false}
{"id": 179, "name": "MARCIPAN", "underline": "100 GR. / RITTER SPORT", "age_limit": null, "hazard_precaution_statements": [], "labels": [{"id": 9001, "name": "Avisvare", "image": "https://static-assets.digital.rema1000.dk/product/labels/9001-64.webp"}, {"id": 95, "name": "Rainforest Alliance", "image": "https://static-assets.digital.rema1000.dk/product/labels/95-64.webp"}], "description": "Mørk chokolade med marcipanfyld (44%). Mindst 50% kakaotørstof i chokoladen", "info": "", "images": [{"small": "https://rema-product-images.digital.rema1000.dk/83284/1-small-rQqQjvB9ea.webp", "medium": "https://rema-product-images.digital.rema1000.dk/83284/1-medium-rQqQjvB9ea.webp", "large": "https://rema-product-images.digital.rema1000.dk/83284/1-large-rQqQjvB9ea.webp"}, {"small": "https://rema-product-images.digital.rema1000.dk/83284/2-small-rQqQjvB9ea.webp", "medium": "https://rema-product-images.digital.rema1000.dk/83284/2-medium-rQqQjvB9ea.webp", "large": "https://rema-product-images.digital.rema1000.dk/83284/2-large-rQqQjvB9ea.webp"}], "prices": [{"price": 20, "price_over_max_quantity": null, "max_quantity": null, "is_advertised": true, "is_campaign": true, "starting_at": "2025-08-17T00:00:00+00:00", "ending_at": "2025-08-23T00:00:00+00:00", "deposit": null, "compare_unit": "kg", "compare_unit_price": 200, "consumption_unit": null, "consumption_quantity": null}, {"price": 26.95, "price_over_max_quantity": null, "max_quantity": null, "is_advertised": false, "is_campaign": false, "starting_at": "2025-08-24T00:00:00+00:00", "ending_at": "2099-12-31T00:00:00+00:00", "deposit": null, "compare_unit": "kg", "compare_unit_price": 269.5, "consumption_unit": null, "consumption_quantity": null}], "temperature_zone": null, "is_self_scale_item": false, "is_weight_item": false, "is_available_in_all_stores": true, "is_batch_item": false}
{"id": 180, "name": "NOUGAT", "underline": "100 GR. / RITTER SPORT", "age_limit": null, "hazard_precaution_statements": [], "labels": [{"id": 9001, "name": "Avisvare", "image": "https://static-assets.digital.rema1000.dk/product/labels/9001-64.webp"}, {"id": 95, "name": "Rainforest Alliance", "image": "https://static-assets.digital.rema1000.dk/product/labels/95-64.webp"}], "description": "Mælkechokolade fyldt med nougat (42%). Mindst 30 % kakaotørstof i chokoladen", "info": "", "images": [{"small": "https://rema-product-images.digital.rema1000.dk/83285/1-small-we9EK0Rogp.webp", "medium": "https://rema-product-images.digital.rema1000.dk/83285/1-medium-we9EK0Rogp.webp", "large": "https://rema-product-images.digital.rema1000.dk/83285/1-large-we9EK0Rogp.webp"}, {"small": "https://rema-product-images.digital.rema1000.dk/83285/2-small-we9EK0Rogp.webp", "medium": "https://rema-product-images.digital.rema1000.dk/83285/2-medium-we9EK0Rogp.webp", "large": "https://rema-product-images.digital.rema1000.dk/83285/2-large-we9EK0Rogp.webp"}], "prices": [{"price": 20, "price_over_max_quantity": null, "max_quantity": null, "is_advertised": true, "is_campaign": true, "starting_at": "2025-08-17T00:00:00+00:00", "ending_at": "2025-08-23T00:00:00+00:00", "deposit": null, "compare_unit": "kg", "compare_unit_price": 200, "consumption_unit": null, "consumption_quantity": null}, {"price": 26.95, "price_over_max_quantity": null, "max_quantity": null, "is_advertised": false, "is_campaign": false, "starting_at": "2025-08-24T00:00:00+00:00", "ending_at": "2099-12-31T00:00:00+00:00", "deposit": null, "compare_unit": "kg", "compare_unit_price": 269.5, "consumption_unit": null, "consumption_quantity": null}], "temperature_zone": null, "is_self_scale_item": false, "is_weight_item": false, "is_available_in_all_stores": true, "is_batch_item": false}
{"id": 181, "name": "PEBERMYNTE", "underline": "100 GR. / RITTER SPORT", "age_limit": null, "hazard_precaution_statements": [], "labels": [{"id": 9001, "name": "Avisvare", "image": "https://static-assets.digital.rema1000.dk/product/labels/9001-64.webp"}, {"id": 95, "name": "Rainforest Alliance", "image": "https://static-assets.digital.rema1000.dk/product/labels/95-64.webp"}], "description": "Fyldt mørk chokolade med pebermyntefyld (40 %). Mindst 50% kakaotørstof i chokoladen", "info": "", "images": [{"small": "https://rema-product-images.digital.rema1000.dk/83286/1-small-A4PyOMJqLV.webp", "medium": "https://rema-product-images.digital.rema1000.dk/83286/1-medium-A4PyOMJqLV.webp", "large": "https://rema-product-images.digital.rema1000.dk/83286/1-large-A4PyOMJqLV.webp"}, {"small": "https://rema-product-images.digital.rema1000.dk/83286/2-small-A4PyOMJqLV.webp", "medium": "https://rema-product-images.digital.rema1000.dk/83286/2-medium-A4PyOMJqLV.webp", "large": "https://rema-product-images.digital.rema1000.dk/83286/2-large-A4PyOMJqLV.webp"}], "prices": [{"price": 20, "price_over_max_quantity": null, "max_quantity": null, "is_advertised": true, "is_campaign": true, "starting_at": "2025-08-17T00:00:00+00:00", "ending_at": "2025-08-23T00:00:00+00:00", "deposit": null, "compare_unit": "kg", "compare_unit_price": 200, "consumption_unit": null, "consumption_quantity": null}, {"price": 26.95, "price_over_max_quantity": null, "max_quantity": null, "is_advertised": false, "is_campaign": false, "starting_at": "2025-08-24T00:00:00+00:00", "ending_at": "2099-12-31T00:00:00+00:00", "deposit": null, "compare_unit": "kg", "compare_unit_price": 269.5, "consumption_unit": null, "consumption_quantity": null}], "temperature_zone": null, "is_self_scale_item": false, "is_weight_item": false, "is_available_in_all_stores": true, "is_batch_item": false}
{"id": 182, "name": "ROM ROSIN NØD", "underline": "100 GR. / RITTER SPORT", "age_limit": null, "hazard_precaution_statements": [], "labels": [{"id": 9001, "name": "Avisvare", "image": "https://static-assets.digital.rema1000.dk/product/labels/9001-64.webp"}, {"id": 95, "name": "Rainforest Alliance", "image": "https://static-assets.digital.rema1000.dk/product/labels/95-64.webp"}], "description": null, "info": "", "images": [{"small": "https://rema-product-images.digital.rema1000.dk/83313/1-small-wyPbdj5qEm.webp", "medium": "https://rema-product-images.digital.rema1000.dk/83313/1-medium-wyPbdj5qEm.webp", "large": "https://rema-product-images.digital.rema1000.dk/83313/1-large-wyPbdj5qEm.webp"}, {"small": "https://rema-product-images.digital.rema1000.dk/83313/2-small-wyPbdj5qEm.webp", "medium": "https://rema-product-images.digital.rema1000.dk/83313/2-medium-wyPbdj5qEm.webp", "large": "https://rema-product-images.digital.rema1000.dk/83313/2-large-wyPbdj5qEm.webp"}], "prices": [{"price": 20, "price_over_max_quantity": null, "max_quantity": null, "is_advertised": true, "is_campaign": false, "starting_at": "2025-08-17T00:00:00+00:00", "ending_at": "2025-11-15T00:00:00+00:00", "deposit": null, "compare_unit": "kg", "compare_unit_price": 200, "consumption_unit": null, "consumption_quantity": null}], "temperature_zone": null, "is_self_scale_item": false, "is_weight_item": false, "is_available_in_all_stores": true, "is_batch_item": true}
{"id": 183, "name": "KITKAT", "underline": "41.5 GR. / NESTLE", "age_limit": null, "hazard_precaution_statements": [], "labels": [{"id": 95, "name": "Rainforest Alliance", "image": "https://static-assets.digital.rema1000.dk/product/labels/95-64.webp"}], "description": null, "info": "", "images": [{"small": "https://rema-product-images.digital.rema1000.dk/83349/1-small-xQq83YdoZd.webp", "medium": "https://rema-product-images.digital.rema1000.dk/83349/1-medium-xQq83YdoZd.webp", "large": "https://rema-product-images.digital.rema1000.dk/83349/1-large-xQq83YdoZd.webp"}], "prices": [{"price": 10, "price_over_max_quantity": null, "max_quantity": null, "is_advertised": false, "is_campaign": true, "starting_at": "2025-08-07T00:00:00+00:00", "ending_at": "2025-09-03T00:00:00+00:00", "deposit": null, "compare_unit": "kg", "compare_unit_price": 240.96, "consumption_unit": null, "consumption_quantity": null}], "temperature_zone": null, "is_self_scale_item": false, "is_weight_item": false, "is_available_in_all_stores": true, "is_batch_item": false}
{"id": 184, "name": "DAIM", "underline": "150 GR. / MARABOU", "age_limit": null, "hazard_precaution_statements": [], "labels": [], "description": null, "info": "", "images": [{"small": "https://rema-product-images.digital.rema1000.dk/83352/1-small-NpP7dOvoOl.webp", "medium": "https://rema-product-images.digital.rema1000.dk/83352/1-medium-NpP7dOvoOl.webp", "large": "https://rema-product-images.digital.rema1000.dk/83352/1-large-NpP7dOvoOl.webp"}], "prices": [{"price": 39.95, "price_over_max_quantity": null, "max_quantity": null, "is_advertised": false, "is_campaign": false, "starting_at": "2025-07-03T00:00:00+00:00", "ending_at": "2099-12-31T00:00:00+00:00", "deposit": null, "compare_unit": "kg", "compare_unit_price": 266.33, "consumption_unit": null, "consumption_quantity": null}], "temperature_zone": null, "is_self_scale_item": false, "is_weight_item": false, "is_available_in_all_stores": true, "is_batch_item": false}
{"id": 185, "name": "FIN APPELSIN 70%", "underline": "100 GR. / MARABOU PREMIUM", "age_limit": null, "hazard_precaution_statements": [], "labels": [], "description": null, "info": "", "images": [{"small": "https://rema-product-images.digital.rema1000.dk/83388/1-small-xePwZRJ9w8.webp", "medium": "https://rema-product-images.digital.rema1000.dk/83388/1-medium-xePwZRJ9w8.webp", "large": "https://rema-product-images.digital.rema1000.dk/83388/1-large-xePwZRJ9w8.webp"}], "prices": [{"price": 36.95, "price_over_max_quantity": null, "max_quantity": null, "is_advertised": false, "is_campaign": false, "starting_at": "2025-07-03T00:00:00+00:00", "ending_at": "2099-12-31T00:00:00+00:00", "deposit": null, "compare_unit": "kg", "compare_unit_price": 369.5, "consumption_unit": null, "consumption_quantity": null}], "temperature_zone": null, "is_self_scale_item": false, "is_weight_item": false, "is_available_in_all_stores": true, "is_batch_item": false}
{"id": 186, "name": "FIN 70% KAKAO", "underline": "100 GR. / MARABOU PREMIUM", "age_limit": null, "hazard_precaution_statements": [], "labels": [], "description": null, "info": "", "images": [{"small": "https://rema-product-images.digital.rema1000.dk/83389/1-small-ElPBMxj9kG.webp", "medium": "https://rema-product-images.digital.rema1000.dk/83389/1-medium-ElPBMxj9kG.webp", "large": "https://rema-product-images.digital.rema1000.dk/83389/1-large-ElPBMxj9kG.webp"}], "prices": [{"price": 36.95, "price_over_max_quantity": null, "max_quantity": null, "is_advertised": false, "is_campaign": false, "starting_at": "2025-07-03T00:00:00+00:00", "ending_at": "2099-12-31T00:00:00+00:00", "deposit": null, "compare_unit": "kg", "compare_unit_price": 369.5, "consumption_unit": null, "consumption_quantity": null}], "temperature_zone": null, "is_self_scale_item": false, "is_weight_item": false, "is_available_in_all_stores": true, "is_batch_item": false}
{"id": 187, "name": "TOBLERONE", "underline": "50 GR.", "age_limit": null, "hazard_precaution_statements": [], "labels": [], "description": null, "info": "", "images": [{"small": "https://rema-product-images.digital.rema1000.dk/83442/1-small-A4PyO3nqLV.webp", "medium": "https://rema-product-images.digital.rema1000.dk/83442/1-medium-A4PyO3nqLV.webp", "large": "https://rema-product-images.digital.rema1000.dk/83442/1-large-A4PyO3nqLV.webp"}], "prices": [{"price": 16.95, "price_over_max_quantity": null, "max_quantity": null, "is_advertised": false, "is_campaign": false, "starting_at": "2025-07-03T00:00:00+00:00", "ending_at": "2099-12-31T00:00:00+00:00", "deposit": null, "compare_unit": "kg", "compare_unit_price": 339, "consumption_unit": null, "consumption_quantity": null}], "temperature_zone": null, "is_self_scale_item": false, "is_weight_item": false, "is_available_in_all_stores": true, "is_batch_item": false}
{"id": 188, "name": "KINDER SURPRISE", "underline": "60 GR.", "age_limit": null, "hazard_precaution_statements": [], "labels": [], "description": null, "info": "", "images": [{"small": "https://rema-product-images.digital.rema1000.dk/83550/1-small-vVorb8Do3z.webp", "medium": "https://rema-product-images.digital.rema1000.dk/83550/1-medium-vVorb8Do3z.webp", "large": "https://rema-product-images.digital.rema1000.dk/83550/1-large-vVorb8Do3z.webp"}], "prices": [{"price": 29.95, "price_over_max_quantity": null, "max_quantity": null, "is_advertised": false, "is_campaign": false, "starting_at": "2025-01-02T00:00:00+00:00", "ending_at": "2099-12-31T00:00:00+00:00", "deposit": null, "compare_unit": "kg", "compare_unit_price": 499.17, "consumption_unit": null, "consumption_quantity": null}], "temperature_zone": null, "is_self_scale_item": false, "is_weight_item": false, "is_available_in_all_stores": true, "is_batch_item": false}
{"id": 189, "name": "KINDER MAXI", "underline": "21 GR.", "age_limit": null, "hazard_precaution_statements": [], "labels": [{"id": 9001, "name": "Avisvare", "image": "https://static-assets.digital.rema1000.dk/product/labels/9001-64.webp"}], "description": null, "info": "", "images": [{"small": "https://rema-product-images.digital.rema1000.dk/83570/1-small-kOq3AKkP63.webp", "medium": "https://rema-product-images.digital.rema1000.dk/83570/1-medium-kOq3AKkP63.webp", "large": "https://rema-product-images.digital.rema1000.dk/83570/1-large-kOq3AKkP63.webp"}], "prices": [{"price": 5, "price_over_max_quantity": null, "max_quantity": null, "is_advertised": true, "is_campaign": true, "starting_at": "2025-08-17T00:00:00+00:00", "ending_at": "2025-08-23T00:00:00+00:00", "deposit": null, "compare_unit": "kg", "compare_unit_price": 238.1, "consumption_unit": null, "consumption_quantity": null}, {"price": 5.95, "price_over_max_quantity": null, "max_quantity": null, "is_advertised": false, "is_campaign": false, "starting_at": "2025-08-24T00:00:00+00:00", "ending_at": "2099-12-31T00:00:00+00:00", "deposit": null, "compare_unit": "kg", "compare_unit_price": 283.33, "consumption_unit": null, "consumption_quantity": null}], "temperature_zone": null, "is_self_scale_item": false, "is_weight_item": false, "is_available_in_all_stores": true, "is_batch_item": false}
{"id": 190, "name": "NUTELLA", "underline": "350 GR. / FERRERO", "age_limit": null, "hazard_precaution_statements": [], "labels": [], "description": null, "info": "", "images": [{"small": "https://rema-product-images.digital.rema1000.dk/83594/1-small-vVorbADo3z.webp", "medium": "https://rema-product-images.digital.rema1000.dk/83594/1-medium-vVorbADo3z.webp", "large": "https://rema-product-images.digital.rema1000.dk/83594/1-large-vVorbADo3z.webp"}], "prices": [{"price": 45.95, "price_over_max_quantity": null, "max_quantity": null, "is_advertised": false, "is_campaign": false, "starting_at": "2024-09-05T00:00:00+00:00", "ending_at": "2025-08-23T00:00:00+00:00", "deposit": null, "compare_unit": "kg", "compare_unit_price": 131.29, "consumption_unit": null, "consumption_quantity": null}], "temperature_zone": null, "is_self_scale_item": false, "is_weight_item": false, "is_available_in_all_stores": true, "is_batch_item": false}
{"id": 191, "name": "HASSELNØDDECREME", "underline": "400 GR. / REMA 1000", "age_limit": null, "hazard_precaution_statements": [], "labels": [{"id": 2, "name": "REMA1000", "image": "https://static-assets.digital.rema1000.dk/product/labels/2-64.webp"}, {"id": 95, "name": "Rainforest Alliance", "image": "https://static-assets.digital.rema1000.dk/product/labels/95-64.webp"}], "description": null, "info": "", "images": [{"small": "https://rema-product-images.digital.rema1000.dk/83671/1-small-OW9Ox6ZPgE.webp", "medium": "https://rema-product-images.digital.rema1000.dk/83671/1-medium-OW9Ox6ZPgE.webp", "large": "https://rema-product-images.digital.rema1000.dk/83671/1-large-OW9Ox6ZPgE.webp"}], "prices": [{"price": 26.95, "price_over_max_quantity": null, "max_quantity": null, "is_advertised": false, "is_campaign": false, "starting_at": "2023-02-16T00:00:00+00:00", "ending_at": "2025-08-20T00:00:00+00:00", "deposit": null, "compare_unit": "kg", "compare_unit_price": 67.38, "consumption_unit": null, "consumption_quantity": null}, {"price": 27.95, "price_over_max_quantity": null, "max_quantity": null, "is_advertised": false, "is_campaign": false, "starting_at": "2025-08-21T00:00:00+00:00", "ending_at": "2099-12-31T00:00:00+00:00", "deposit": null, "compare_unit": "kg", "compare_unit_price": 69.88, "consumption_unit": null, "consumption_quantity": null}], "temperature_zone": null, "is_self_scale_item": false, "is_weight_item": false, "is_available_in_all_stores": true, "is_batch_item": false}
{"id": 192, "name": "SALTY CARAMEL", "underline": "50 GR. / LÄKEROL, 2-PAK", "age_limit": null, "hazard_precaution_statements": [], "labels": [{"id": 31, "name": "Ikke tilsat sukker", "image": "https://static-assets.digital.rema1000.dk/product/labels/31-64.webp"}], "description": null, "info": "", "images": [{"small": "https://rema-product-images.digital.rema1000.dk/83728/1-small-xyqaz389Db.webp", "medium": "https://rema-product-images.digital.rema1000.dk/83728/1-medium-xyqaz389Db.webp", "large": "https://rema-product-images.digital.rema1000.dk/83728/1-large-xyqaz389Db.webp"}], "prices": [{"price": 18.95, "price_over_max_quantity": null, "max_quantity": null, "is_advertised": false, "is_campaign": false, "starting_at": "2025-08-17T00:00:00+00:00", "ending_at": "2099-12-31T00:00:00+00:00", "deposit": null, "compare_unit": "kg", "compare_unit_price": 379, "consumption_unit": null, "consumption_quantity": null}], "temperature_zone": null, "is_self_scale_item": false, "is_weight_item": false, "is_available_in_all_stores": true, "is_batch_item": false}
{"id": 193, "name": "SALVI", "underline": "50 GR. / LÄKEROL, 2-PAK", "age_limit": null, "hazard_precaution_statements": [], "labels": [{"id": 31, "name": "Ikke tilsat sukker", "image": "https://static-assets.digital.rema1000.dk/product/labels/31-64.webp"}], "description": null, "info": "", "images": [{"small": "https://rema-product-images.digital.rema1000.dk/83729/1-small-pYqx1V591L.webp", "medium": "https://rema-product-images.digital.rema1000.dk/83729/1-medium-pYqx1V591L.webp", "large": "https://rema-product-images.digital.rema1000.dk/83729/1-large-pYqx1V591L.webp"}], "prices": [{"price": 18.95, "price_over_max_quantity": null, "max_quantity": null, "is_advertised": false, "is_campaign": false, "starting_at": "2025-08-17T00:00:00+00:00", "ending_at": "2099-12-31T00:00:00+00:00", "deposit": null, "compare_unit": "kg", "compare_unit_price": 379, "consumption_unit": null, "consumption_quantity": null}], "temperature_zone": null, "is_self_scale_item": false, "is_weight_item": false, "is_available_in_all_stores": true, "is_batch_item": false}
{"id": 194, "name": "LICORICE SEASALT", "underline": "50 GR. / LÄKEROL, 2-PAK", "age_limit": null, "hazard_precaution_statements": [], "labels": [{"id": 31, "name": "Ikke tilsat sukker", "image": "https://static-assets.digital.rema1000.dk/product/labels/31-64.webp"}], "description": null, "info": "", "images": [{"small": "https://rema-product-images.digital.rema1000.dk/83730/1-small-869Dg3bqMa.webp", "medium": "https://rema-product-images.digital.rema1000.dk/83730/1-medium-869Dg3bqMa.webp", "large": "https://rema-product-images.digital.rema1000.dk/83730/1-large-869Dg3bqMa.webp"}], "prices": [{"price": 18.95, "price_over_max_quantity": null, "max_quantity": null, "is_advertised": false, "is_campaign": false, "starting_at": "2025-08-17T00:00:00+00:00", "ending_at": "2099-12-31T00:00:00+00:00", "deposit": null, "compare_unit": "kg", "compare_unit_price": 379, "consumption_unit": null, "consumption_quantity": null}], "temperature_zone": null, "is_self_scale_item": false, "is_weight_item": false, "is_available_in_all_stores": true, "is_batch_item": false}
{"id": 195, "name": "FEST MIX", "underline": "200 GR. / SPANGSBERG", "age_limit": null, "hazard_precaution_statements": [], "labels": [], "description": null, "info": "", "images": [{"small": "https://rema-product-images.digital.rema1000.dk/83740/1-small-rQqQjRK9ea.webp", "medium": "https://rema-product-images.digital.rema1000.dk/83740/1-medium-rQqQjRK9ea.webp", "large": "https://rema-product-images.digital.rema1000.dk/83740/1-large-rQqQjRK9ea.webp"}], "prices": [{"price": 29, "price_over_max_quantity": null, "max_quantity": null, "is_advertised": false, "is_campaign": false, "starting_at": "2023-01-12T00:00:00+00:00", "ending_at": "2099-12-31T00:00:00+00:00", "deposit": null, "compare_unit": "kg", "compare_unit_price": 145, "consumption_unit": null, "consumption_quantity": null}], "temperature_zone": null, "is_self_scale_item": false, "is_weight_item": false, "is_available_in_all_stores": true, "is_batch_item": false}
{"id": 196, "name": "DE STÆRKE", "underline": "160 GR. / NØRREGADE", "age_limit": null, "hazard_precaution_statements": [], "labels": [], "description": null, "info": "", "images": [{"small": "https://rema-product-images.digital.rema1000.dk/83783/1-small-zOPlB40qRW.webp", "medium": "https://rema-product-images.digital.rema1000.dk/83783/1-medium-zOPlB40qRW.webp", "large": "https://rema-product-images.digital.rema1000.dk/83783/1-large-zOPlB40qRW.webp"}], "prices": [{"price": 20, "price_over_max_quantity": null, "max_quantity": null, "is_advertised": false, "is_campaign": false, "starting_at": "2023-04-27T00:00:00+00:00", "ending_at": "2099-12-31T00:00:00+00:00", "deposit": null, "compare_unit": "kg", "compare_unit_price": 125, "consumption_unit": null, "consumption_quantity": null}], "temperature_zone": null, "is_self_scale_item": false, "is_weight_item": false, "is_available_in_all_stores": true, "is_batch_item": false}
{"id": 197, "name": "DENTAL GUM", "underline": "49 GR. / V6, STRONG MINT", "age_limit": null, "hazard_precaution_statements": [], "labels": [{"id": 31, "name": "Ikke tilsat sukker", "image": "https://static-assets.digital.rema1000.dk/product/labels/31-64.webp"}], "description": null, "info": "", "images": [{"small": "https://rema-product-images.digital.rema1000.dk/83943/1-small-dyomMQAoVm.webp", "medium": "https://rema-product-images.digital.rema1000.dk/83943/1-medium-dyomMQAoVm.webp", "large": "https://rema-product-images.digital.rema1000.dk/83943/1-large-dyomMQAoVm.webp"}], "prices": [{"price": 17.95, "price_over_max_quantity": null, "max_quantity": null, "is_advertised": false, "is_campaign": false, "starting_at": "2024-05-09T00:00:00+00:00", "ending_at": "2099-12-31T00:00:00+00:00", "deposit": null, "compare_unit": "kg", "compare_unit_price": 366.33, "consumption_unit": null, "consumption_quantity": null}], "temperature_zone": null, "is_self_scale_item": false, "is_weight_item": false, "is_available_in_all_stores": true, "is_batch_item": false}
{"id": 198, "name": "MATADOR MIX DARK", "underline": "270 GR. / HARIBO", "age_limit": null, "hazard_precaution_statements": [], "labels": [], "description": null, "info": "", "images": [{"small": "https://rema-product-images.digital.rema1000.dk/84032/1-small-nDPWnZg9Wa.webp", "medium": "https://rema-product-images.digital.rema1000.dk/84032/1-medium-nDPWnZg9Wa.webp", "large": "https://rema-product-images.digital.rema1000.dk/84032/1-large-nDPWnZg9Wa.webp"}], "prices": [{"price": 27, "price_over_max_quantity": null, "max_quantity": null, "is_advertised": false, "is_campaign": true, "starting_at": "2025-08-14T00:00:00+00:00", "ending_at": "2025-09-03T00:00:00+00:00", "deposit": null, "compare_unit": "kg", "compare_unit_price": 100, "consumption_unit": null, "consumption_quantity": null}], "temperature_zone": null, "is_self_scale_item": false, "is_weight_item": false, "is_available_in_all_stores": true, "is_batch_item": false}
{"id": 199, "name": "HVID MED HEL NØD", "underline": "100 GR. / RITTER SPORT", "age_limit": null, "hazard_precaution_statements": [], "labels": [{"id": 9001, "name": "Avisvare", "image": "https://static-assets.digital.rema1000.dk/product/labels/9001-64.webp"}, {"id": 95, "name": "Rainforest Alliance", "image": "https://static-assets.digital.rema1000.dk/product/labels/95-64.webp"}], "description": null, "info": "", "images": [{"small": "https://rema-product-images.digital.rema1000.dk/84163/1-small-rDq6zV2qbW.webp", "medium": "https://rema-product-images.digital.rema1000.dk/84163/1-medium-rDq6zV2qbW.webp", "large": "https://rema-product-images.digital.rema1000.dk/84163/1-large-rDq6zV2qbW.webp"}, {"small": "https://rema-product-images.digital.rema1000.dk/84163/2-small-rDq6zV2qbW.webp", "medium": "https://rema-product-images.digital.rema1000.dk/84163/2-medium-rDq6zV2qbW.webp", "large": "https://rema-product-images.digital.rema1000.dk/84163/2-large-rDq6zV2qbW.webp"}], "prices": [{"price": 20, "price_over_max_quantity": null, "max_quantity": null, "is_advertised": true, "is_campaign": true, "starting_at": "2025-08-17T00:00:00+00:00", "ending_at": "2025-08-23T00:00:00+00:00", "deposit": null, "compare_unit": "kg", "compare_unit_price": 200, "consumption_unit": null, "consumption_quantity": null}, {"price": 26.95, "price_over_max_quantity": null, "max_quantity": null, "is_advertised": false, "is_campaign": false, "starting_at": "2025-08-24T00:00:00+00:00", "ending_at": "2099-12-31T00:00:00+00:00", "deposit": null, "compare_unit": "kg", "compare_unit_price": 269.5, "consumption_unit": null, "consumption_quantity": null}], "temperature_zone": null, "is_self_scale_item": false, "is_weight_item": false, "is_available_in_all_stores": true, "is_batch_item": false}
{"id": 200, "name": "MØRK MED HEL NØD", "underline": "100 GR. / RITTER SPORT", "age_limit": null, "hazard_precaution_statements": [], "labels": [{"id": 9001, "name": "Avisvare", "image": "https://static-assets.digital.rema1000.dk/product/labels/9001-64.webp"}, {"id": 95, "name": "Rainforest Alliance", "image": "https://static-assets.digital.rema1000.dk/product/labels/95-64.webp"}], "description": null, "info": "", "images": [{"small": "https://rema-product-images.digital.rema1000.dk/84164/1-small-AKqeDOYop1.webp", "medium": "https://rema-product-images.digital.rema1000.dk/84164/1-medium-AKqeDOYop1.webp", "large": "https://rema-product-images.digital.rema1000.dk/84164/1-large-AKqeDOYop1.webp"}, {"small": "https://rema-product-images.digital.rema1000.dk/84164/2-small-AKqeDOYop1.webp", "medium": "https://rema-product-images.digital.rema1000.dk/84164/2-medium-AKqeDOYop1.webp", "large": "https://rema-product-images.digital.rema1000.dk/84164/2-large-AKqeDOYop1.webp"}], "prices": [{"price": 20, "price_over_max_quantity": null, "max_quantity": null, "is_advertised": true, "is_campaign": true, "starting_at": "2025-08-17T00:00:00+00:00", "ending_at": "2025-08-23T00:00:00+00:00", "deposit": null, "compare_unit": "kg", "compare_unit_price": 200, "consumption_unit": null, "consumption_quantity": null}, {"price": 26.95, "price_over_max_quantity": null, "max_quantity": null, "is_advertised": false, "is_campaign": false, "starting_at": "2025-08-24T00:00:00+00:00", "ending_at": "2099-12-31T00:00:00+00:00", "deposit": null, "compare_unit": "kg", "compare_unit_price": 269.5, "consumption_unit": null, "consumption_quantity": null}], "temperature_zone": null, "is_self_scale_item": false, "is_weight_item": false, "is_available_in_all_stores": true, "is_batch_item": false}
{"id": 201, "name": "MÆLK MED HEL NØD", "underline": "100 GR. / RITTER SPORT", "age_limit": null, "hazard_precaution_statements": [], "labels": [{"id": 9001, "name": "Avisvare", "image": "https://static-assets.digital.rema1000.dk/product/labels/9001-64.webp"}, {"id": 95, "name": "Rainforest Alliance", "image": "https://static-assets.digital.rema1000.dk/product/labels/95-64.webp"}], "description": null, "info": "", "images": [{"small": "https://rema-product-images.digital.rema1000.dk/84165/1-small-bJ9YrOkPL5.webp", "medium": "https://rema-product-images.digital.rema1000.dk/84165/1-medium-bJ9YrOkPL5.webp", "large": "https://rema-product-images.digital.rema1000.dk/84165/1-large-bJ9YrOkPL5.webp"}, {"small": "https://rema-product-images.digital.rema1000.dk/84165/2-small-bJ9YrOkPL5.webp", "medium": "https://rema-product-images.digital.rema1000.dk/84165/2-medium-bJ9YrOkPL5.webp", "large": "https://rema-product-images.digital.rema1000.dk/84165/2-large-bJ9YrOkPL5.webp"}], "prices": [{"price": 20, "price_over_max_quantity": null, "max_quantity": null, "is_advertised": true, "is_campaign": true, "starting_at": "2025-08-17T00:00:00+00:00", "ending_at": "2025-08-23T00:00:00+00:00", "deposit": null, "compare_unit": "kg", "compare_unit_price": 200, "consumption_unit": null, "consumption_quantity": null}, {"price": 26.95, "price_over_max_quantity": null, "max_quantity": null, "is_advertised": false, "is_campaign": false, "starting_at": "2025-08-24T00:00:00+00:00", "ending_at": "2099-12-31T00:00:00+00:00", "deposit": null, "compare_unit": "kg", "compare_unit_price": 269.5, "consumption_unit": null, "consumption_quantity": null}], "temperature_zone": null, "is_self_scale_item": false, "is_weight_item": false, "is_available_in_all_stores": true, "is_batch_item": false}
{"id": 202, "name": "MINT CHEWS", "underline": "38 GR. / REMA 1000", "age_limit": null, "hazard_precaution_statements": [], "labels": [{"id": 2, "name": "REMA1000", "image": "https://static-assets.digital.rema1000.dk/product/labels/2-64.webp"}], "description": null, "info": "", "images": [{"small": "https://rema-product-images.digital.rema1000.dk/84186/1-small-A4PyOr7qLV.webp", "medium": "https://rema-product-images.digital.rema1000.dk/84186/1-medium-A4PyOr7qLV.webp", "large": "https://rema-product-images.digital.rema1000.dk/84186/1-large-A4PyOr7qLV.webp"}], "prices": [{"price": 5, "price_over_max_quantity": null, "max_quantity": null, "is_advertised": false, "is_campaign": false, "starting_at": "2023-05-11T00:00:00+00:00", "ending_at": "2099-12-31T00:00:00+00:00", "deposit": null, "compare_unit": "kg", "compare_unit_price": 131.58, "consumption_unit": null, "consumption_quantity": null}], "temperature_zone": null, "is_self_scale_item": false, "is_weight_item": false, "is_available_in_all_stores": true, "is_batch_item": false}
{"id": 203, "name": "LAKRIDS CHEWS", "underline": "38 GR. / REMA 1000", "age_limit": null, "hazard_precaution_statements": [], "labels": [{"id": 2, "name": "REMA1000", "image": "https://static-assets.digital.rema1000.dk/product/labels/2-64.webp"}], "description": null, "info": "", "images": [{"small": "https://rema-product-images.digital.rema1000.dk/84189/1-small-ElPBMQ89kG.webp", "medium": "https://rema-product-images.digital.rema1000.dk/84189/1-medium-ElPBMQ89kG.webp", "large": "https://rema-product-images.digital.rema1000.dk/84189/1-large-ElPBMQ89kG.webp"}], "prices": [{"price": 5, "price_over_max_quantity": null, "max_quantity": null, "is_advertised": false, "is_campaign": false, "starting_at": "2023-05-11T00:00:00+00:00", "ending_at": "2099-12-31T00:00:00+00:00", "deposit": null, "compare_unit": "kg", "compare_unit_price": 131.58, "consumption_unit": null, "consumption_quantity": null}], "temperature_zone": null, "is_self_scale_item": false, "is_weight_item": false, "is_available_in_all_stores": true, "is_batch_item": false}
{"id": 204, "name": "BUBBLEMINT GUM", "underline": "81 GR. / REMA 1000", "age_limit": null, "hazard_precaution_statements": [], "labels": [{"id": 2, "name": "REMA1000", "image": "https://static-assets.digital.rema1000.dk/product/labels/2-64.webp"}, {"id": 31, "name": "Ikke tilsat sukker", "image": "https://static-assets.digital.rema1000.dk/product/labels/31-64.webp"}], "description": null, "info": "", "images": [{"small": "https://rema-product-images.digital.rema1000.dk/84203/1-small-3MoM1Gko5E.webp", "medium": "https://rema-product-images.digital.rema1000.dk/84203/1-medium-3MoM1Gko5E.webp", "large": "https://rema-product-images.digital.rema1000.dk/84203/1-large-3MoM1Gko5E.webp"}], "prices": [{"price": 12.95, "price_over_max_quantity": null, "max_quantity": null, "is_advertised": false, "is_campaign": false, "starting_at": "2022-06-22T00:00:00+00:00", "ending_at": "2099-12-31T00:00:00+00:00", "deposit": null, "compare_unit": "kg", "compare_unit_price": 159.88, "consumption_unit": null, "consumption_quantity": null}], "temperature_zone": null, "is_self_scale_item": false, "is_weight_item": false, "is_available_in_all_stores": true, "is_batch_item": false}
{"id": 205, "name": "SALTEDE MANDLER", "underline": "100 GR. / RITTER SPORT", "age_limit": null, "hazard_precaution_statements": [], "labels": [{"id": 9001, "name": "Avisvare", "image": "https://static-assets.digital.rema1000.dk/product/labels/9001-64.webp"}, {"id": 95, "name": "Rainforest Alliance", "image": "https://static-assets.digital.rema1000.dk/product/labels/95-64.webp"}], "description": null, "info": "", "images": [{"small": "https://rema-product-images.digital.rema1000.dk/84253/1-small-aboKYbm9pM.webp", "medium": "https://rema-product-images.digital.rema1000.dk/84253/1-medium-aboKYbm9pM.webp", "large": "https://rema-product-images.digital.rema1000.dk/84253/1-large-aboKYbm9pM.webp"}, {"small": "https://rema-product-images.digital.rema1000.dk/84253/2-small-aboKYbm9pM.webp", "medium": "https://rema-product-images.digital.rema1000.dk/84253/2-medium-aboKYbm9pM.webp", "large": "https://rema-product-images.digital.rema1000.dk/84253/2-large-aboKYbm9pM.webp"}], "prices": [{"price": 20, "price_over_max_quantity": null, "max_quantity": null, "is_advertised": true, "is_campaign": false, "starting_at": "2025-08-17T00:00:00+00:00", "ending_at": "2025-11-15T00:00:00+00:00", "deposit": null, "compare_unit": "kg", "compare_unit_price": 200, "consumption_unit": null, "consumption_quantity": null}], "temperature_zone": null, "is_self_scale_item": false, "is_weight_item": false, "is_available_in_all_stores": true, "is_batch_item": true}
{"id": 206, "name": "FREE SOFT BAR", "underline": "30 GR. / EASIS, CARAMEL MILK CHOCO", "age_limit": null, "hazard_precaution_statements": [], "labels": [{"id": 31, "name": "Ikke tilsat sukker", "image": "https://static-assets.digital.rema1000.dk/product/labels/31-64.webp"}], "description": null, "info": "", "images": [{"small": "https://rema-product-images.digital.rema1000.dk/84269/1-small-Ea91XpjqzY.webp", "medium": "https://rema-product-images.digital.rema1000.dk/84269/1-medium-Ea91XpjqzY.webp", "large": "https://rema-product-images.digital.rema1000.dk/84269/1-large-Ea91XpjqzY.webp"}], "prices": [{"price": 12.95, "price_over_max_quantity": null, "max_quantity": null, "is_advertised": false, "is_campaign": false, "starting_at": "2025-08-17T00:00:00+00:00", "ending_at": "2099-12-31T00:00:00+00:00", "deposit": null, "compare_unit": "kg", "compare_unit_price": 431.67, "consumption_unit": null, "consumption_quantity": null}], "temperature_zone": null, "is_self_scale_item": false, "is_weight_item": false, "is_available_in_all_stores": true, "is_batch_item": false}
{"id": 207, "name": "PEANUT BUTTER", "underline": "340 GR. / PARADISO, CRUNCHY", "age_limit": null, "hazard_precaution_statements": [], "labels": [{"id": 5, "name": "Økologi", "image": "https://static-assets.digital.rema1000.dk/product/labels/5-64.webp"}], "description": null, "info": "", "images": [{"small": "https://rema-product-images.digital.rema1000.dk/84368/1-small-vXodaWxq3k.webp", "medium": "https://rema-product-images.digital.rema1000.dk/84368/1-medium-vXodaWxq3k.webp", "large": "https://rema-product-images.digital.rema1000.dk/84368/1-large-vXodaWxq3k.webp"}], "prices": [{"price": 24.95, "price_over_max_quantity": null, "max_quantity": null, "is_advertised": false, "is_campaign": false, "starting_at": "2023-02-09T00:00:00+00:00", "ending_at": "2099-12-31T00:00:00+00:00", "deposit": null, "compare_unit": "kg", "compare_unit_price": 73.38, "consumption_unit": null, "consumption_quantity": null}], "temperature_zone": null, "is_self_scale_item": false, "is_weight_item": false, "is_available_in_all_stores": true, "is_batch_item": false}
{"id": 208, "name": "TIL DE SØDE ØJEBLIKKE", "underline": "230 GR. / ANTHON BERG", "age_limit": null, "hazard_precaution_statements": [], "labels": [], "description": null, "info": "", "images": [{"small": "https://rema-product-images.digital.rema1000.dk/84403/1-small-3MoM1Mlo5E.webp", "medium": "https://rema-product-images.digital.rema1000.dk/84403/1-medium-3MoM1Mlo5E.webp", "large": "https://rema-product-images.digital.rema1000.dk/84403/1-large-3MoM1Mlo5E.webp"}], "prices": [{"price": 59, "price_over_max_quantity": null, "max_quantity": null, "is_advertised": false, "is_campaign": false, "starting_at": "2025-02-06T00:00:00+00:00", "ending_at": "2099-12-31T00:00:00+00:00", "deposit": null, "compare_unit": "kg", "compare_unit_price": 256.52, "consumption_unit": null, "consumption_quantity": null}], "temperature_zone": null, "is_self_scale_item": false, "is_weight_item": false, "is_available_in_all_stores": true, "is_batch_item": false}
{"id": 209, "name": "FAZERMINT", "underline": "41 GR. / FAZER", "age_limit": null, "hazard_precaution_statements": [], "labels": [], "description": null, "info": "", "images": [{"small": "https://rema-product-images.digital.rema1000.dk/84510/1-small-Al900lR98w.webp", "medium": "https://rema-product-images.digital.rema1000.dk/84510/1-medium-Al900lR98w.webp", "large": "https://rema-product-images.digital.rema1000.dk/84510/1-large-Al900lR98w.webp"}], "prices": [{"price": 11.95, "price_over_max_quantity": null, "max_quantity": null, "is_advertised": false, "is_campaign": false, "starting_at": "2023-02-09T00:00:00+00:00", "ending_at": "2025-09-06T00:00:00+00:00", "deposit": null, "compare_unit": "kg", "compare_unit_price": 291.46, "consumption_unit": null, "consumption_quantity": null}], "temperature_zone": null, "is_self_scale_item": false, "is_weight_item": false, "is_available_in_all_stores": true, "is_batch_item": false}
{"id": 210, "name": "HAVSALT LAKRIDS", "underline": "50 GR. / REMA 1000, 2-PAK", "age_limit": null, "hazard_precaution_statements": [], "labels": [{"id": 2, "name": "REMA1000", "image": "https://static-assets.digital.rema1000.dk/product/labels/2-64.webp"}, {"id": 31, "name": "Ikke tilsat sukker", "image": "https://static-assets.digital.rema1000.dk/product/labels/31-64.webp"}], "description": null, "info": "", "images": [{"small": "https://rema-product-images.digital.rema1000.dk/84636/1-small-7doLZkE96r.webp", "medium": "https://rema-product-images.digital.rema1000.dk/84636/1-medium-7doLZkE96r.webp", "large": "https://rema-product-images.digital.rema1000.dk/84636/1-large-7doLZkE96r.webp"}], "prices": [{"price": 10, "price_over_max_quantity": null, "max_quantity": null, "is_advertised": false, "is_campaign": false, "starting_at": "2022-06-22T00:00:00+00:00", "ending_at": "2099-12-31T00:00:00+00:00", "deposit": null, "compare_unit": "kg", "compare_unit_price": 200, "consumption_unit": null, "consumption_quantity": null}], "temperature_zone": null, "is_self_scale_item": false, "is_weight_item": false, "is_available_in_all_stores": true, "is_batch_item": false}
{"id": 211, "name": "KAKTUS FLAVOUR LAKRIDS", "underline": "50 GR. / REMA 1000, 2-PAK", "age_limit": null, "hazard_precaution_statements": [], "labels": [{"id": 2, "name": "REMA1000", "image": "https://static-assets.digital.rema1000.dk/product/labels/2-64.webp"}, {"id": 31, "name": "Ikke tilsat sukker", "image": "https://static-assets.digital.rema1000.dk/product/labels/31-64.webp"}], "description": null, "info": "", "images": [{"small": "https://rema-product-images.digital.rema1000.dk/84637/1-small-JzPJ6kYPkb.webp", "medium": "https://rema-product-images.digital.rema1000.dk/84637/1-medium-JzPJ6kYPkb.webp", "large": "https://rema-product-images.digital.rema1000.dk/84637/1-large-JzPJ6kYPkb.webp"}], "prices": [{"price": 10, "price_over_max_quantity": null, "max_quantity": null, "is_advertised": false, "is_campaign": false, "starting_at": "2022-06-22T00:00:00+00:00", "ending_at": "2099-12-31T00:00:00+00:00", "deposit": null, "compare_unit": "kg", "compare_unit_price": 200, "consumption_unit": null, "consumption_quantity": null}], "temperature_zone": null, "is_self_scale_item": false, "is_weight_item": false, "is_available_in_all_stores": true, "is_batch_item": false}
{"id": 212, "name": "BUBBLE GUM", "underline": "85 GR. / REMA 1000", "age_limit": null, "hazard_precaution_statements": [], "labels": [{"id": 2, "name": "REMA1000", "image": "https://static-assets.digital.rema1000.dk/product/labels/2-64.webp"}], "description": null, "info": "", "images": [{"small": "https://rema-product-images.digital.rema1000.dk/84653/1-small-aboKYkw9pM.webp", "medium": "https://rema-product-images.digital.rema1000.dk/84653/1-medium-aboKYkw9pM.webp", "large": "https://rema-product-images.digital.rema1000.dk/84653/1-large-aboKYkw9pM.webp"}], "prices": [{"price": 10, "price_over_max_quantity": null, "max_quantity": null, "is_advertised": false, "is_campaign": false, "starting_at": "2023-10-05T00:00:00+00:00", "ending_at": "2099-12-31T00:00:00+00:00", "deposit": null, "compare_unit": "kg", "compare_unit_price": 117.65, "consumption_unit": null, "consumption_quantity": null}], "temperature_zone": null, "is_self_scale_item": false, "is_weight_item": false, "is_available_in_all_stores": true, "is_batch_item": false}
{"id": 213, "name": "PROTEINBAR", "underline": "45 GR. / REMA 1000, PEANUT BUTTER", "age_limit": null, "hazard_precaution_statements": [], "labels": [{"id": 2, "name": "REMA1000", "image": "https://static-assets.digital.rema1000.dk/product/labels/2-64.webp"}, {"id": 31, "name": "Ikke tilsat sukker", "image": "https://static-assets.digital.rema1000.dk/product/labels/31-64.webp"}], "description": null, "info": "", "images": [{"small": "https://rema-product-images.digital.rema1000.dk/85007/1-small-v09gGmG9AW.webp", "medium": "https://rema-product-images.digital.rema1000.dk/85007/1-medium-v09gGmG9AW.webp", "large": "https://rema-product-images.digital.rema1000.dk/85007/1-large-v09gGmG9AW.webp"}], "prices": [{"price": 14.95, "price_over_max_quantity": null, "max_quantity": null, "is_advertised": false, "is_campaign": false, "starting_at": "2023-09-20T00:00:00+00:00", "ending_at": "2025-08-23T00:00:00+00:00", "deposit": null, "compare_unit": "kg", "compare_unit_price": 332.22, "consumption_unit": null, "consumption_quantity": null}], "temperature_zone": null, "is_self_scale_item": false, "is_weight_item": false, "is_available_in_all_stores": true, "is_batch_item": false}
{"id": 214, "name": "MATADOR MIX", "underline": "275 GR. / HARIBO", "age_limit": null, "hazard_precaution_statements": [], "labels": [], "description": null, "info": "", "images": [{"small": "https://rema-product-images.digital.rema1000.dk/85156/1-small-18oX55Yqkb.webp", "medium": "https://rema-product-images.digital.rema1000.dk/85156/1-medium-18oX55Yqkb.webp", "large": "https://rema-product-images.digital.rema1000.dk/85156/1-large-18oX55Yqkb.webp"}], "prices": [{"price": 27.5, "price_over_max_quantity": null, "max_quantity": null, "is_advertised": false, "is_campaign": true, "starting_at": "2025-08-14T00:00:00+00:00", "ending_at": "2025-09-03T00:00:00+00:00", "deposit": null, "compare_unit": "kg", "compare_unit_price": 100, "consumption_unit": null, "consumption_quantity": null}], "temperature_zone": null, "is_self_scale_item": false, "is_weight_item": false, "is_available_in_all_stores": true, "is_batch_item": false}
{"id": 215, "name": "STJERNE MIX", "underline": "275 GR. / HARIBO", "age_limit": null, "hazard_precaution_statements": [], "labels": [], "description": null, "info": "", "images": [{"small": "https://rema-product-images.digital.rema1000.dk/85158/1-small-3MovYYZPAb.webp", "medium": "https://rema-product-images.digital.rema1000.dk/85158/1-medium-3MovYYZPAb.webp", "large": "https://rema-product-images.digital.rema1000.dk/85158/1-large-3MovYYZPAb.webp"}], "prices": [{"price": 27.5, "price_over_max_quantity": null, "max_quantity": null, "is_advertised": false, "is_campaign": true, "starting_at": "2025-08-14T00:00:00+00:00", "ending_at": "2025-09-03T00:00:00+00:00", "deposit": null, "compare_unit": "kg", "compare_unit_price": 100, "consumption_unit": null, "consumption_quantity": null}], "temperature_zone": null, "is_self_scale_item": false, "is_weight_item": false, "is_available_in_all_stores": true, "is_batch_item": false}
{"id": 216, "name": "WERTHER'S ORIGINAL", "underline": "42 GR. / STORCK", "age_limit": null, "hazard_precaution_statements": [], "labels": [{"id": 31, "name": "Ikke tilsat sukker", "image": "https://static-assets.digital.rema1000.dk/product/labels/31-64.webp"}], "description": null, "info": "", "images": [{"small": "https://rema-product-images.digital.rema1000.dk/85603/1-small-3MoMV8ayq5.webp", "medium": "https://rema-product-images.digital.rema1000.dk/85603/1-medium-3MoMV8ayq5.webp", "large": "https://rema-product-images.digital.rema1000.dk/85603/1-large-3MoMV8ayq5.webp"}], "prices": [{"price": 11.95, "price_over_max_quantity": null, "max_quantity": null, "is_advertised": false, "is_campaign": false, "starting_at": "2025-07-03T00:00:00+00:00", "ending_at": "2099-12-31T00:00:00+00:00", "deposit": null, "compare_unit": "kg", "compare_unit_price": 284.52, "consumption_unit": null, "consumption_quantity": null}], "temperature_zone": null, "is_self_scale_item": false, "is_weight_item": false, "is_available_in_all_stores": true, "is_batch_item": false}
{"id": 217, "name": "TOFFIFEE", "underline": "125 GR. / STORCK", "age_limit": null, "hazard_precaution_statements": [], "labels": [], "description": null, "info": "", "images": [{"small": "https://rema-product-images.digital.rema1000.dk/85615/1-small-KpqRr4zdqL.webp", "medium": "https://rema-product-images.digital.rema1000.dk/85615/1-medium-KpqRr4zdqL.webp", "large": "https://rema-product-images.digital.rema1000.dk/85615/1-large-KpqRr4zdqL.webp"}], "prices": [{"price": 25.95, "price_over_max_quantity": null, "max_quantity": null, "is_advertised": false, "is_campaign": false, "starting_at": "2025-02-06T00:00:00+00:00", "ending_at": "2099-12-31T00:00:00+00:00", "deposit": null, "compare_unit": "kg", "compare_unit_price": 207.6, "consumption_unit": null, "consumption_quantity": null}], "temperature_zone": null, "is_self_scale_item": false, "is_weight_item": false, "is_available_in_all_stores": true, "is_batch_item": false}
{"id": 218, "name": "MAMBA", "underline": "106 GR. / STORCK", "age_limit": null, "hazard_precaution_statements": [], "labels": [], "description": null, "info": "", "images": [{"small": "https://rema-product-images.digital.rema1000.dk/85618/1-small-2B943barqk.webp", "medium": "https://rema-product-images.digital.rema1000.dk/85618/1-medium-2B943barqk.webp", "large": "https://rema-product-images.digital.rema1000.dk/85618/1-large-2B943barqk.webp"}], "prices": [{"price": 13, "price_over_max_quantity": null, "max_quantity": null, "is_advertised": false, "is_campaign": false, "starting_at": "2025-02-06T00:00:00+00:00", "ending_at": "2099-12-31T00:00:00+00:00", "deposit": null, "compare_unit": "kg", "compare_unit_price": 122.64, "consumption_unit": null, "consumption_quantity": null}], "temperature_zone": null, "is_self_scale_item": false, "is_weight_item": false, "is_available_in_all_stores": true, "is_batch_item": false}
{"id": 219, "name": "3X KNOPPERS", "underline": "75 GR. / STORCK", "age_limit": null, "hazard_precaution_statements": [], "labels": [], "description": null, "info": "", "images": [{"small": "https://rema-product-images.digital.rema1000.dk/85625/1-small-Ea91ZQEZPz.webp", "medium": "https://rema-product-images.digital.rema1000.dk/85625/1-medium-Ea91ZQEZPz.webp", "large": "https://rema-product-images.digital.rema1000.dk/85625/1-large-Ea91ZQEZPz.webp"}], "prices": [{"price": 15.5, "price_over_max_quantity": null, "max_quantity": null, "is_advertised": false, "is_campaign": false, "starting_at": "2025-07-03T00:00:00+00:00", "ending_at": "2099-12-31T00:00:00+00:00", "deposit": null, "compare_unit": "kg", "compare_unit_price": 206.67, "consumption_unit": null, "consumption_quantity": null}], "temperature_zone": null, "is_self_scale_item": false, "is_weight_item": false, "is_available_in_all_stores": true, "is_batch_item": false}
{"id": 220, "name": "LAKRIDSKUGLER", "underline": "125 GR. / REMA 1000, MILD", "age_limit": null, "hazard_precaution_statements": [], "labels": [{"id": 2, "name": "REMA1000", "image": "https://static-assets.digital.rema1000.dk/product/labels/2-64.webp"}], "description": null, "info": "", "images": [{"small": "https://rema-product-images.digital.rema1000.dk/85667/1-small-MNqZnj47qA.webp", "medium": "https://rema-product-images.digital.rema1000.dk/85667/1-medium-MNqZnj47qA.webp", "large": "https://rema-product-images.digital.rema1000.dk/85667/1-large-MNqZnj47qA.webp"}], "prices": [{"price": 24.95, "price_over_max_quantity": null, "max_quantity": null, "is_advertised": false, "is_campaign": false, "starting_at": "2024-11-01T00:00:00+00:00", "ending_at": "2099-12-31T00:00:00+00:00", "deposit": null, "compare_unit": "kg", "compare_unit_price": 199.6, "consumption_unit": null, "consumption_quantity": null}], "temperature_zone": null, "is_self_scale_item": false, "is_weight_item": false, "is_available_in_all_stores": true, "is_batch_item": false}
{"id": 221, "name": "CHOKO MANDLER", "underline": "115 GR. / REMA 1000", "age_limit": null, "hazard_precaution_statements": [], "labels": [{"id": 2, "name": "REMA1000", "image": "https://static-assets.digital.rema1000.dk/product/labels/2-64.webp"}], "description": null, "info": "", "images": [{"small": "https://rema-product-images.digital.rema1000.dk/85669/1-small-Ea91ZQ1ZPz.webp", "medium": "https://rema-product-images.digital.rema1000.dk/85669/1-medium-Ea91ZQ1ZPz.webp", "large": "https://rema-product-images.digital.rema1000.dk/85669/1-large-Ea91ZQ1ZPz.webp"}], "prices": [{"price": 24.95, "price_over_max_quantity": null, "max_quantity": null, "is_advertised": false, "is_campaign": false, "starting_at": "2024-11-01T00:00:00+00:00", "ending_at": "2099-12-31T00:00:00+00:00", "deposit": null, "compare_unit": "kg", "compare_unit_price": 216.96, "consumption_unit": null, "consumption_quantity": null}], "temperature_zone": null, "is_self_scale_item": false, "is_weight_item": false, "is_available_in_all_stores": true, "is_batch_item": false}
{"id": 222, "name": "SALMIAK PADDER", "underline": "200 GR. / REMA 1000", "age_limit": null, "hazard_precaution_statements": [], "labels": [{"id": 2, "name": "REMA1000", "image": "https://static-assets.digital.rema1000.dk/product/labels/2-64.webp"}], "description": null, "info": "", "images": [{"small": "https://rema-product-images.digital.rema1000.dk/85702/1-small-kAonlvxa9x.webp", "medium": "https://rema-product-images.digital.rema1000.dk/85702/1-medium-kAonlvxa9x.webp", "large": "https://rema-product-images.digital.rema1000.dk/85702/1-large-kAonlvxa9x.webp"}], "prices": [{"price": 19.25, "price_over_max_quantity": null, "max_quantity": null, "is_advertised": false, "is_campaign": false, "starting_at": "2025-02-20T00:00:00+00:00", "ending_at": "2099-12-31T00:00:00+00:00", "deposit": null, "compare_unit": "kg", "compare_unit_price": 96.25, "consumption_unit": null, "consumption_quantity": null}], "temperature_zone": null, "is_self_scale_item": false, "is_weight_item": false, "is_available_in_all_stores": true, "is_batch_item": false}
{"id": 223, "name": "BOLSJEBLANDING", "underline": "200 GR. / REMA 1000", "age_limit": null, "hazard_precaution_statements": [], "labels": [{"id": 2, "name": "REMA1000", "image": "https://static-assets.digital.rema1000.dk/product/labels/2-64.webp"}], "description": null, "info": "", "images": [{"small": "https://rema-product-images.digital.rema1000.dk/85703/1-small-3MoMV8l6q5.webp", "medium": "https://rema-product-images.digital.rema1000.dk/85703/1-medium-3MoMV8l6q5.webp", "large": "https://rema-product-images.digital.rema1000.dk/85703/1-large-3MoMV8l6q5.webp"}], "prices": [{"price": 19.25, "price_over_max_quantity": null, "max_quantity": null, "is_advertised": false, "is_campaign": false, "starting_at": "2025-02-20T00:00:00+00:00", "ending_at": "2099-12-31T00:00:00+00:00", "deposit": null, "compare_unit": "kg", "compare_unit_price": 96.25, "consumption_unit": null, "consumption_quantity": null}], "temperature_zone": null, "is_self_scale_item": false, "is_weight_item": false, "is_available_in_all_stores": true, "is_batch_item": false}
{"id": 224, "name": "BRIDGE BLANDING", "underline": "160 GR. / CARLETTI", "age_limit": null, "hazard_precaution_statements": [], "labels": [], "description": null, "info": "", "images": [{"small": "https://rema-product-images.digital.rema1000.dk/85742/1-small-A4Py0Mvk9L.webp", "medium": "https://rema-product-images.digital.rema1000.dk/85742/1-medium-A4Py0Mvk9L.webp", "large": "https://rema-product-images.digital.rema1000.dk/85742/1-large-A4Py0Mvk9L.webp"}], "prices": [{"price": 31.95, "price_over_max_quantity": null, "max_quantity": null, "is_advertised": false, "is_campaign": false, "starting_at": "2025-05-08T00:00:00+00:00", "ending_at": "2099-12-31T00:00:00+00:00", "deposit": null, "compare_unit": "kg", "compare_unit_price": 199.69, "consumption_unit": null, "consumption_quantity": null}], "temperature_zone": null, "is_self_scale_item": false, "is_weight_item": false, "is_available_in_all_stores": true, "is_batch_item": false}
{"id": 225, "name": "VINGUMMIBAMSER", "underline": "200 GR. / REMA 1000", "age_limit": null, "hazard_precaution_statements": [], "labels": [{"id": 2, "name": "REMA1000", "image": "https://static-assets.digital.rema1000.dk/product/labels/2-64.webp"}], "description": null, "info": "", "images": [{"small": "https://rema-product-images.digital.rema1000.dk/85817/1-small-Z8qplBdGq3.webp", "medium": "https://rema-product-images.digital.rema1000.dk/85817/1-medium-Z8qplBdGq3.webp", "large": "https://rema-product-images.digital.rema1000.dk/85817/1-large-Z8qplBdGq3.webp"}], "prices": [{"price": 20, "price_over_max_quantity": null, "max_quantity": null, "is_advertised": false, "is_campaign": false, "starting_at": "2020-03-24T00:00:00+00:00", "ending_at": "2099-12-31T00:00:00+00:00", "deposit": null, "compare_unit": "kg", "compare_unit_price": 100, "consumption_unit": null, "consumption_quantity": null}], "temperature_zone": null, "is_self_scale_item": false, "is_weight_item": false, "is_available_in_all_stores": true, "is_batch_item": false}
{"id": 226, "name": "SOUR STÆNGER", "underline": "110 GR. / KATJES, JORDBÆRSMAG", "age_limit": null, "hazard_precaution_statements": [], "labels": [], "description": null, "info": "", "images": [{"small": "https://rema-product-images.digital.rema1000.dk/85882/1-small-MBoNnr4Wov.webp", "medium": "https://rema-product-images.digital.rema1000.dk/85882/1-medium-MBoNnr4Wov.webp", "large": "https://rema-product-images.digital.rema1000.dk/85882/1-large-MBoNnr4Wov.webp"}], "prices": [{"price": 17.95, "price_over_max_quantity": null, "max_quantity": null, "is_advertised": false, "is_campaign": false, "starting_at": "2024-07-04T00:00:00+00:00", "ending_at": "2099-12-31T00:00:00+00:00", "deposit": null, "compare_unit": "kg", "compare_unit_price": 163.18, "consumption_unit": null, "consumption_quantity": null}], "temperature_zone": null, "is_self_scale_item": false, "is_weight_item": false, "is_available_in_all_stores": true, "is_batch_item": false}
{"id": 227, "name": "DUMLE", "underline": "120 GR. / ORIGINAL", "age_limit": null, "hazard_precaution_statements": [], "labels": [], "description": null, "info": "", "images": [{"small": "https://rema-product-images.digital.rema1000.dk/85946/1-small-kAonlvRG9x.webp", "medium": "https://rema-product-images.digital.rema1000.dk/85946/1-medium-kAonlvRG9x.webp", "large": "https://rema-product-images.digital.rema1000.dk/85946/1-large-kAonlvRG9x.webp"}], "prices": [{"price": 21.95, "price_over_max_quantity": null, "max_quantity": null, "is_advertised": false, "is_campaign": false, "starting_at": "2023-02-09T00:00:00+00:00", "ending_at": "2099-12-31T00:00:00+00:00", "deposit": null, "compare_unit": "kg", "compare_unit_price": 182.92, "consumption_unit": null, "consumption_quantity": null}], "temperature_zone": null, "is_self_scale_item": false, "is_weight_item": false, "is_available_in_all_stores": true, "is_batch_item": false}
{"id": 228, "name": "COUNTRY", "underline": "23.5 GR. / KINDER", "age_limit": null, "hazard_precaution_statements": [], "labels": [{"id": 9001, "name": "Avisvare", "image": "https://static-assets.digital.rema1000.dk/product/labels/9001-64.webp"}], "description": null, "info": "", "images": [{"small": "https://rema-product-images.digital.rema1000.dk/86075/1-small-01q23Wgd97.webp", "medium": "https://rema-product-images.digital.rema1000.dk/86075/1-medium-01q23Wgd97.webp", "large": "https://rema-product-images.digital.rema1000.dk/86075/1-large-01q23Wgd97.webp"}], "prices": [{"price": 5, "price_over_max_quantity": null, "max_quantity": null, "is_advertised": true, "is_campaign": false, "starting_at": "2025-08-17T00:00:00+00:00", "ending_at": "2025-11-15T00:00:00+00:00", "deposit": null, "compare_unit": "kg", "compare_unit_price": 212.77, "consumption_unit": null, "consumption_quantity": null}], "temperature_zone": null, "is_self_scale_item": false, "is_weight_item": false, "is_available_in_all_stores": true, "is_batch_item": true}
{"id": 229, "name": "PROTEIN BAR", "underline": "45 GR. / CORNY, PEANUT CARAMEL", "age_limit": null, "hazard_precaution_statements": [], "labels": [{"id": 9001, "name": "Avisvare", "image": "https://static-assets.digital.rema1000.dk/product/labels/9001-64.webp"}, {"id": 31, "name": "Ikke tilsat sukker", "image": "https://static-assets.digital.rema1000.dk/product/labels/31-64.webp"}], "description": null, "info": "", "images": [{"small": "https://rema-product-images.digital.rema1000.dk/86093/1-small-xQq8gvbLoZ.webp", "medium": "https://rema-product-images.digital.rema1000.dk/86093/1-medium-xQq8gvbLoZ.webp", "large": "https://rema-product-images.digital.rema1000.dk/86093/1-large-xQq8gvbLoZ.webp"}], "prices": [{"price": 15, "price_over_max_quantity": null, "max_quantity": null, "is_advertised": true, "is_campaign": false, "starting_at": "2025-08-17T00:00:00+00:00", "ending_at": "2025-11-15T00:00:00+00:00", "deposit": null, "compare_unit": "kg", "compare_unit_price": 333.33, "consumption_unit": null, "consumption_quantity": null}], "temperature_zone": null, "is_self_scale_item": false, "is_weight_item": false, "is_available_in_all_stores": true, "is_batch_item": true}
{"id": 230, "name": "PEANUT", "underline": "250 GR. / M&M'S", "age_limit": null, "hazard_precaution_statements": [], "labels": [], "description": null, "info": "", "images": [{"small": "https://rema-product-images.digital.rema1000.dk/86109/1-small-aboK8aW8qp.webp", "medium": "https://rema-product-images.digital.rema1000.dk/86109/1-medium-aboK8aW8qp.webp", "large": "https://rema-product-images.digital.rema1000.dk/86109/1-large-aboK8aW8qp.webp"}], "prices": [{"price": 46.95, "price_over_max_quantity": null, "max_quantity": null, "is_advertised": false, "is_campaign": false, "starting_at": "2025-07-03T00:00:00+00:00", "ending_at": "2099-12-31T00:00:00+00:00", "deposit": null, "compare_unit": "kg", "compare_unit_price": 187.8, "consumption_unit": null, "consumption_quantity": null}], "temperature_zone": null, "is_self_scale_item": false, "is_weight_item": false, "is_available_in_all_stores": true, "is_batch_item": false}
{"id": 231, "name": "CHOKOLADE", "underline": "250 GR. / M&M'S", "age_limit": null, "hazard_precaution_statements": [], "labels": [], "description": null, "info": "", "images": [{"small": "https://rema-product-images.digital.rema1000.dk/86110/1-small-Al90Wdp3q8.webp", "medium": "https://rema-product-images.digital.rema1000.dk/86110/1-medium-Al90Wdp3q8.webp", "large": "https://rema-product-images.digital.rema1000.dk/86110/1-large-Al90Wdp3q8.webp"}], "prices": [{"price": 46.95, "price_over_max_quantity": null, "max_quantity": null, "is_advertised": false, "is_campaign": false, "starting_at": "2025-07-03T00:00:00+00:00", "ending_at": "2099-12-31T00:00:00+00:00", "deposit": null, "compare_unit": "kg", "compare_unit_price": 187.8, "consumption_unit": null, "consumption_quantity": null}], "temperature_zone": null, "is_self_scale_item": false, "is_weight_item": false, "is_available_in_all_stores": true, "is_batch_item": false}
{"id": 232, "name": "TIC TAC", "underline": "54 GR. / MINT", "age_limit": null, "hazard_precaution_statements": [], "labels": [], "description": null, "info": "", "images": [{"small": "https://rema-product-images.digital.rema1000.dk/86130/1-small-869D7WQrqM.webp", "medium": "https://rema-product-images.digital.rema1000.dk/86130/1-medium-869D7WQrqM.webp", "large": "https://rema-product-images.digital.rema1000.dk/86130/1-large-869D7WQrqM.webp"}], "prices": [{"price": 15, "price_over_max_quantity": null, "max_quantity": null, "is_advertised": false, "is_campaign": false, "starting_at": "2024-12-26T00:00:00+00:00", "ending_at": "2099-12-31T00:00:00+00:00", "deposit": null, "compare_unit": "kg", "compare_unit_price": 277.78, "consumption_unit": null, "consumption_quantity": null}], "temperature_zone": null, "is_self_scale_item": false, "is_weight_item": false, "is_available_in_all_stores": true, "is_batch_item": false}
{"id": 233, "name": "SALTY LIQUORICE", "underline": "80 GR. / EASIS", "age_limit": null, "hazard_precaution_statements": [], "labels": [{"id": 31, "name": "Ikke tilsat sukker", "image": "https://static-assets.digital.rema1000.dk/product/labels/31-64.webp"}], "description": null, "info": "", "images": [{"small": "https://rema-product-images.digital.rema1000.dk/86190/1-small-kAonlv539x.webp", "medium": "https://rema-product-images.digital.rema1000.dk/86190/1-medium-kAonlv539x.webp", "large": "https://rema-product-images.digital.rema1000.dk/86190/1-large-kAonlv539x.webp"}], "prices": [{"price": 17, "price_over_max_quantity": null, "max_quantity": null, "is_advertised": false, "is_campaign": false, "starting_at": "2025-03-27T00:00:00+00:00", "ending_at": "2025-08-23T00:00:00+00:00", "deposit": null, "compare_unit": "kg", "compare_unit_price": 212.5, "consumption_unit": null, "consumption_quantity": null}], "temperature_zone": null, "is_self_scale_item": false, "is_weight_item": false, "is_available_in_all_stores": true, "is_batch_item": false}
{"id": 234, "name": "FRUIT GUMS", "underline": "80 GR. / EASIS", "age_limit": null, "hazard_precaution_statements": [], "labels": [{"id": 31, "name": "Ikke tilsat sukker", "image": "https://static-assets.digital.rema1000.dk/product/labels/31-64.webp"}], "description": null, "info": "", "images": [{"small": "https://rema-product-images.digital.rema1000.dk/86191/1-small-3MoMV8R7q5.webp", "medium": "https://rema-product-images.digital.rema1000.dk/86191/1-medium-3MoMV8R7q5.webp", "large": "https://rema-product-images.digital.rema1000.dk/86191/1-large-3MoMV8R7q5.webp"}], "prices": [{"price": 17, "price_over_max_quantity": null, "max_quantity": null, "is_advertised": false, "is_campaign": false, "starting_at": "2025-03-27T00:00:00+00:00", "ending_at": "2025-08-23T00:00:00+00:00", "deposit": null, "compare_unit": "kg", "compare_unit_price": 212.5, "consumption_unit": null, "consumption_quantity": null}], "temperature_zone": null, "is_self_scale_item": false, "is_weight_item": false, "is_available_in_all_stores": true, "is_batch_item": false}
{"id": 235, "name": "TOPPER", "underline": "144 GR. / SAMBA", "age_limit": null, "hazard_precaution_statements": [], "labels": [], "description": null, "info": "", "images": [{"small": "https://rema-product-images.digital.rema1000.dk/86192/1-small-OJq52zbB9p.webp", "medium": "https://rema-product-images.digital.rema1000.dk/86192/1-medium-OJq52zbB9p.webp", "large": "https://rema-product-images.digital.rema1000.dk/86192/1-large-OJq52zbB9p.webp"}], "prices": [{"price": 24.95, "price_over_max_quantity": null, "max_quantity": null, "is_advertised": false, "is_campaign": false, "starting_at": "2025-05-08T00:00:00+00:00", "ending_at": "2099-12-31T00:00:00+00:00", "deposit": null, "compare_unit": "kg", "compare_unit_price": 173.26, "consumption_unit": null, "consumption_quantity": null}], "temperature_zone": null, "is_self_scale_item": false, "is_weight_item": false, "is_available_in_all_stores": true, "is_batch_item": false}
{"id": 236, "name": "MINI FLØDEBOLLER", "underline": "144 GR. / SAMBA", "age_limit": null, "hazard_precaution_statements": [], "labels": [], "description": null, "info": "", "images": [{"small": "https://rema-product-images.digital.rema1000.dk/86193/1-small-xQq8gvAzoZ.webp", "medium": "https://rema-product-images.digital.rema1000.dk/86193/1-medium-xQq8gvAzoZ.webp", "large": "https://rema-product-images.digital.rema1000.dk/86193/1-large-xQq8gvAzoZ.webp"}], "prices": [{"price": 24.95, "price_over_max_quantity": null, "max_quantity": null, "is_advertised": false, "is_campaign": false, "starting_at": "2025-05-08T00:00:00+00:00", "ending_at": "2099-12-31T00:00:00+00:00", "deposit": null, "compare_unit": "kg", "compare_unit_price": 173.26, "consumption_unit": null, "consumption_quantity": null}], "temperature_zone": null, "is_self_scale_item": false, "is_weight_item": false, "is_available_in_all_stores": true, "is_batch_item": false}
{"id": 237, "name": "CLICK MIX SOUR", "underline": "250 GR. / HARIBO", "age_limit": null, "hazard_precaution_statements": [], "labels": [], "description": null, "info": "", "images": [{"small": "https://rema-product-images.digital.rema1000.dk/86221/1-small-bJ9Yaj1W9L.webp", "medium": "https://rema-product-images.digital.rema1000.dk/86221/1-medium-bJ9Yaj1W9L.webp", "large": "https://rema-product-images.digital.rema1000.dk/86221/1-large-bJ9Yaj1W9L.webp"}], "prices": [{"price": 25, "price_over_max_quantity": null, "max_quantity": null, "is_advertised": false, "is_campaign": true, "starting_at": "2025-08-14T00:00:00+00:00", "ending_at": "2025-09-03T00:00:00+00:00", "deposit": null, "compare_unit": "kg", "compare_unit_price": 100, "consumption_unit": null, "consumption_quantity": null}], "temperature_zone": null, "is_self_scale_item": false, "is_weight_item": false, "is_available_in_all_stores": true, "is_batch_item": false}
{"id": 238, "name": "CHOKOLADEKNAPPER", "underline": "125 GR. / REMA 1000, MØRK", "age_limit": null, "hazard_precaution_statements": [], "labels": [{"id": 2, "name": "REMA1000", "image": "https://static-assets.digital.rema1000.dk/product/labels/2-64.webp"}], "description": null, "info": "", "images": [{"small": "https://rema-product-images.digital.rema1000.dk/86227/1-small-OW9OVMNLqg.webp", "medium": "https://rema-product-images.digital.rema1000.dk/86227/1-medium-OW9OVMNLqg.webp", "large": "https://rema-product-images.digital.rema1000.dk/86227/1-large-OW9OVMNLqg.webp"}], "prices": [{"price": 29.95, "price_over_max_quantity": null, "max_quantity": null, "is_advertised": false, "is_campaign": false, "starting_at": "2024-04-11T00:00:00+00:00", "ending_at": "2099-12-31T00:00:00+00:00", "deposit": null, "compare_unit": "kg", "compare_unit_price": 239.6, "consumption_unit": null, "consumption_quantity": null}], "temperature_zone": null, "is_self_scale_item": false, "is_weight_item": false, "is_available_in_all_stores": true, "is_batch_item": false}
{"id": 239, "name": "SKITTLES", "underline": "38 GR. / FRUITS", "age_limit": null, "hazard_precaution_statements": [], "labels": [], "description": null, "info": "", "images": [{"small": "https://rema-product-images.digital.rema1000.dk/86257/1-small-wyPbjYEMPE.webp", "medium": "https://rema-product-images.digital.rema1000.dk/86257/1-medium-wyPbjYEMPE.webp", "large": "https://rema-product-images.digital.rema1000.dk/86257/1-large-wyPbjYEMPE.webp"}], "prices": [{"price": 11, "price_over_max_quantity": null, "max_quantity": null, "is_advertised": false, "is_campaign": false, "starting_at": "2025-08-17T00:00:00+00:00", "ending_at": "2099-12-31T00:00:00+00:00", "deposit": null, "compare_unit": "kg", "compare_unit_price": 289.47, "consumption_unit": null, "consumption_quantity": null}], "temperature_zone": null, "is_self_scale_item": false, "is_weight_item": false, "is_available_in_all_stores": true, "is_batch_item": false}
{"id": 240, "name": "VINGUMMI VIBES", "underline": "180 GR. / MALACO", "age_limit": null, "hazard_precaution_statements": [], "labels": [], "description": null, "info": "", "images": [{"small": "https://rema-product-images.digital.rema1000.dk/86315/1-small-KpqRr4WmqL.webp", "medium": "https://rema-product-images.digital.rema1000.dk/86315/1-medium-KpqRr4WmqL.webp", "large": "https://rema-product-images.digital.rema1000.dk/86315/1-large-KpqRr4WmqL.webp"}], "prices": [{"price": 24, "price_over_max_quantity": null, "max_quantity": null, "is_advertised": false, "is_campaign": false, "starting_at": "2024-07-04T00:00:00+00:00", "ending_at": "2099-12-31T00:00:00+00:00", "deposit": null, "compare_unit": "kg", "compare_unit_price": 133.33, "consumption_unit": null, "consumption_quantity": null}], "temperature_zone": null, "is_self_scale_item": false, "is_weight_item": false, "is_available_in_all_stores": true, "is_batch_item": false}
{"id": 241, "name": "CONDITOR PLADE", "underline": "200 GR. / CARLETTI", "age_limit": null, "hazard_precaution_statements": [], "labels": [], "description": null, "info": "", "images": [{"small": "https://rema-product-images.digital.rema1000.dk/86386/1-small-A4Py0MW79L.webp", "medium": "https://rema-product-images.digital.rema1000.dk/86386/1-medium-A4Py0MW79L.webp", "large": "https://rema-product-images.digital.rema1000.dk/86386/1-large-A4Py0MW79L.webp"}], "prices": [{"price": 29.95, "price_over_max_quantity": null, "max_quantity": null, "is_advertised": false, "is_campaign": false, "starting_at": "2025-07-10T00:00:00+00:00", "ending_at": "2099-12-31T00:00:00+00:00", "deposit": null, "compare_unit": "kg", "compare_unit_price": 149.75, "consumption_unit": null, "consumption_quantity": null}], "temperature_zone": null, "is_self_scale_item": false, "is_weight_item": false, "is_available_in_all_stores": true, "is_batch_item": false}
{"id": 242, "name": "HOLLANDSK LAKRIDS", "underline": "200 GR. / REMA 1000, SØD & SALT", "age_limit": null, "hazard_precaution_statements": [], "labels": [{"id": 2, "name": "REMA1000", "image": "https://static-assets.digital.rema1000.dk/product/labels/2-64.webp"}], "description": null, "info": "", "images": [{"small": "https://rema-product-images.digital.rema1000.dk/86432/1-small-nDPWJpBY9W.webp", "medium": "https://rema-product-images.digital.rema1000.dk/86432/1-medium-nDPWJpBY9W.webp", "large": "https://rema-product-images.digital.rema1000.dk/86432/1-large-nDPWJpBY9W.webp"}], "prices": [{"price": 20, "price_over_max_quantity": null, "max_quantity": null, "is_advertised": false, "is_campaign": false, "starting_at": "2024-07-08T00:00:00+00:00", "ending_at": "2099-12-31T00:00:00+00:00", "deposit": null, "compare_unit": "kg", "compare_unit_price": 100, "consumption_unit": null, "consumption_quantity": null}], "temperature_zone": null, "is_self_scale_item": false, "is_weight_item": false, "is_available_in_all_stores": true, "is_batch_item": false}
{"id": 243, "name": "MINIPLADE", "underline": "100 GR. / CARLETTI, MØRK", "age_limit": null, "hazard_precaution_statements": [], "labels": [], "description": null, "info": "", "images": [{"small": "https://rema-product-images.digital.rema1000.dk/86452/1-small-NpP7kElVPO.webp", "medium": "https://rema-product-images.digital.rema1000.dk/86452/1-medium-NpP7kElVPO.webp", "large": "https://rema-product-images.digital.rema1000.dk/86452/1-large-NpP7kElVPO.webp"}], "prices": [{"price": 24.95, "price_over_max_quantity": null, "max_quantity": null, "is_advertised": false, "is_campaign": false, "starting_at": "2025-05-08T00:00:00+00:00", "ending_at": "2099-12-31T00:00:00+00:00", "deposit": null, "compare_unit": "kg", "compare_unit_price": 249.5, "consumption_unit": null, "consumption_quantity": null}], "temperature_zone": null, "is_self_scale_item": false, "is_weight_item": false, "is_available_in_all_stores": true, "is_batch_item": false}
{"id": 244, "name": "SKUMBANANER", "underline": "60 GR. / CARLETTI", "age_limit": null, "hazard_precaution_statements": [], "labels": [], "description": null, "info": "", "images": [{"small": "https://rema-product-images.digital.rema1000.dk/86456/1-small-18oXzynL9k.webp", "medium": "https://rema-product-images.digital.rema1000.dk/86456/1-medium-18oXzynL9k.webp", "large": "https://rema-product-images.digital.rema1000.dk/86456/1-large-18oXzynL9k.webp"}], "prices": [{"price": 10, "price_over_max_quantity": null, "max_quantity": null, "is_advertised": false, "is_campaign": true, "starting_at": "2025-08-07T00:00:00+00:00", "ending_at": "2025-09-03T00:00:00+00:00", "deposit": null, "compare_unit": "kg", "compare_unit_price": 166.67, "consumption_unit": null, "consumption_quantity": null}], "temperature_zone": null, "is_self_scale_item": false, "is_weight_item": false, "is_available_in_all_stores": true, "is_batch_item": false}
{"id": 245, "name": "P-TÆRTER", "underline": "60 GR. / CARLETTI, ORIGINAL", "age_limit": null, "hazard_precaution_statements": [], "labels": [], "description": null, "info": "", "images": [{"small": "https://rema-product-images.digital.rema1000.dk/86457/1-small-wyPbjYXZPE.webp", "medium": "https://rema-product-images.digital.rema1000.dk/86457/1-medium-wyPbjYXZPE.webp", "large": "https://rema-product-images.digital.rema1000.dk/86457/1-large-wyPbjYXZPE.webp"}], "prices": [{"price": 10, "price_over_max_quantity": null, "max_quantity": null, "is_advertised": false, "is_campaign": true, "starting_at": "2025-08-07T00:00:00+00:00", "ending_at": "2025-09-03T00:00:00+00:00", "deposit": null, "compare_unit": "kg", "compare_unit_price": 166.67, "consumption_unit": null, "consumption_quantity": null}], "temperature_zone": null, "is_self_scale_item": false, "is_weight_item": false, "is_available_in_all_stores": true, "is_batch_item": false}
{"id": 246, "name": "SLIK MIX", "underline": "140 GR.", "age_limit": null, "hazard_precaution_statements": [], "labels": [], "description": null, "info": "", "images": [{"small": "https://rema-product-images.digital.rema1000.dk/86484/1-small-rQqQlv7Eoe.webp", "medium": "https://rema-product-images.digital.rema1000.dk/86484/1-medium-rQqQlv7Eoe.webp", "large": "https://rema-product-images.digital.rema1000.dk/86484/1-large-rQqQlv7Eoe.webp"}], "prices": [{"price": 14.95, "price_over_max_quantity": null, "max_quantity": null, "is_advertised": false, "is_campaign": false, "starting_at": "2024-08-15T00:00:00+00:00", "ending_at": "2099-12-31T00:00:00+00:00", "deposit": null, "compare_unit": "kg", "compare_unit_price": 106.79, "consumption_unit": null, "consumption_quantity": null}], "temperature_zone": null, "is_self_scale_item": false, "is_weight_item": false, "is_available_in_all_stores": true, "is_batch_item": false}
{"id": 247, "name": "POP MIX", "underline": "100 GR. / KATJES", "age_limit": null, "hazard_precaution_statements": [], "labels": [], "description": null, "info": "", "images": [{"small": "https://rema-product-images.digital.rema1000.dk/86485/1-small-we9EO0LAog.webp", "medium": "https://rema-product-images.digital.rema1000.dk/86485/1-medium-we9EO0LAog.webp", "large": "https://rema-product-images.digital.rema1000.dk/86485/1-large-we9EO0LAog.webp"}], "prices": [{"price": 15.95, "price_over_max_quantity": null, "max_quantity": null, "is_advertised": false, "is_campaign": false, "starting_at": "2025-02-01T00:00:00+00:00", "ending_at": "2099-12-31T00:00:00+00:00", "deposit": null, "compare_unit": "kg", "compare_unit_price": 159.5, "consumption_unit": null, "consumption_quantity": null}], "temperature_zone": null, "is_self_scale_item": false, "is_weight_item": false, "is_available_in_all_stores": true, "is_batch_item": false}
{"id": 248, "name": "EUKALYPTUS BOLSJER", "underline": "250 GR. / REMA 1000", "age_limit": null, "hazard_precaution_statements": [], "labels": [{"id": 2, "name": "REMA1000", "image": "https://static-assets.digital.rema1000.dk/product/labels/2-64.webp"}], "description": null, "info": "", "images": [{"small": "https://rema-product-images.digital.rema1000.dk/86487/1-small-dyom8Eg3PV.webp", "medium": "https://rema-product-images.digital.rema1000.dk/86487/1-medium-dyom8Eg3PV.webp", "large": "https://rema-product-images.digital.rema1000.dk/86487/1-large-dyom8Eg3PV.webp"}], "prices": [{"price": 20, "price_over_max_quantity": null, "max_quantity": null, "is_advertised": false, "is_campaign": false, "starting_at": "2024-08-15T00:00:00+00:00", "ending_at": "2099-12-31T00:00:00+00:00", "deposit": null, "compare_unit": "kg", "compare_unit_price": 80, "consumption_unit": null, "consumption_quantity": null}], "temperature_zone": null, "is_self_scale_item": false, "is_weight_item": false, "is_available_in_all_stores": true, "is_batch_item": false}
{"id": 249, "name": "KÆMPE SKILDPADDER", "underline": "84 GR. / TOMS", "age_limit": null, "hazard_precaution_statements": [], "labels": [], "description": null, "info": "", "images": [{"small": "https://rema-product-images.digital.rema1000.dk/86498/1-small-Al90WdQnq8.webp", "medium": "https://rema-product-images.digital.rema1000.dk/86498/1-medium-Al90WdQnq8.webp", "large": "https://rema-product-images.digital.rema1000.dk/86498/1-large-Al90WdQnq8.webp"}], "prices": [{"price": 26.95, "price_over_max_quantity": null, "max_quantity": null, "is_advertised": false, "is_campaign": false, "starting_at": "2025-02-06T00:00:00+00:00", "ending_at": "2099-12-31T00:00:00+00:00", "deposit": null, "compare_unit": "kg", "compare_unit_price": 320.83, "consumption_unit": null, "consumption_quantity": null}], "temperature_zone": null, "is_self_scale_item": false, "is_weight_item": false, "is_available_in_all_stores": true, "is_batch_item": false}
{"id": 250, "name": "GULD KARAMELLER", "underline": "100 GR. / TOMS", "age_limit": null, "hazard_precaution_statements": [], "labels": [], "description": null, "info": "", "images": [{"small": "https://rema-product-images.digital.rema1000.dk/86501/1-small-ElPB1OlW9k.webp", "medium": "https://rema-product-images.digital.rema1000.dk/86501/1-medium-ElPB1OlW9k.webp", "large": "https://rema-product-images.digital.rema1000.dk/86501/1-large-ElPB1OlW9k.webp"}], "prices": [{"price": 22.95, "price_over_max_quantity": null, "max_quantity": null, "is_advertised": false, "is_campaign": false, "starting_at": "2024-07-04T00:00:00+00:00", "ending_at": "2099-12-31T00:00:00+00:00", "deposit": null, "compare_unit": "kg", "compare_unit_price": 229.5, "consumption_unit": null, "consumption_quantity": null}], "temperature_zone": null, "is_self_scale_item": false, "is_weight_item": false, "is_available_in_all_stores": true, "is_batch_item": false}
{"id": 251, "name": "MALTESERS", "underline": "192.5 GR.", "age_limit": null, "hazard_precaution_statements": [], "labels": [], "description": null, "info": "", "images": [{"small": "https://rema-product-images.digital.rema1000.dk/86504/1-small-OJq52zmz9p.webp", "medium": "https://rema-product-images.digital.rema1000.dk/86504/1-medium-OJq52zmz9p.webp", "large": "https://rema-product-images.digital.rema1000.dk/86504/1-large-OJq52zmz9p.webp"}], "prices": [{"price": 46.95, "price_over_max_quantity": null, "max_quantity": null, "is_advertised": false, "is_campaign": false, "starting_at": "2025-07-03T00:00:00+00:00", "ending_at": "2099-12-31T00:00:00+00:00", "deposit": null, "compare_unit": "kg", "compare_unit_price": 243.9, "consumption_unit": null, "consumption_quantity": null}], "temperature_zone": null, "is_self_scale_item": false, "is_weight_item": false, "is_available_in_all_stores": true, "is_batch_item": false}
{"id": 252, "name": "MØN BLANDING", "underline": "150 GR. / MØN BOLCHER", "age_limit": null, "hazard_precaution_statements": [], "labels": [], "description": null, "info": "", "images": [{"small": "https://rema-product-images.digital.rema1000.dk/86624/1-small-vXodjmzz93.webp", "medium": "https://rema-product-images.digital.rema1000.dk/86624/1-medium-vXodjmzz93.webp", "large": "https://rema-product-images.digital.rema1000.dk/86624/1-large-vXodjmzz93.webp"}], "prices": [{"price": 20, "price_over_max_quantity": null, "max_quantity": null, "is_advertised": false, "is_campaign": false, "starting_at": "2024-10-18T00:00:00+00:00", "ending_at": "2099-12-31T00:00:00+00:00", "deposit": null, "compare_unit": "kg", "compare_unit_price": 133.33, "consumption_unit": null, "consumption_quantity": null}], "temperature_zone": null, "is_self_scale_item": false, "is_weight_item": false, "is_available_in_all_stores": true, "is_batch_item": false}
{"id": 253, "name": "YANKIE BAR", "underline": "120 GR. / TOMS", "age_limit": null, "hazard_precaution_statements": [], "labels": [], "description": null, "info": "", "images": [{"small": "https://rema-product-images.digital.rema1000.dk/86729/1-small-pYqxnbO2P1.webp", "medium": "https://rema-product-images.digital.rema1000.dk/86729/1-medium-pYqxnbO2P1.webp", "large": "https://rema-product-images.digital.rema1000.dk/86729/1-large-pYqxnbO2P1.webp"}], "prices": [{"price": 21.25, "price_over_max_quantity": null, "max_quantity": null, "is_advertised": false, "is_campaign": false, "starting_at": "2025-02-03T00:00:00+00:00", "ending_at": "2099-12-31T00:00:00+00:00", "deposit": null, "compare_unit": "kg", "compare_unit_price": 177.08, "consumption_unit": null, "consumption_quantity": null}], "temperature_zone": null, "is_self_scale_item": false, "is_weight_item": false, "is_available_in_all_stores": true, "is_batch_item": false}
{"id": 254, "name": "REGNBUEBÆLTER", "underline": "90 GR. / REMA 1000, SURE", "age_limit": null, "hazard_precaution_statements": [], "labels": [{"id": 9001, "name": "Avisvare", "image": "https://static-assets.digital.rema1000.dk/product/labels/9001-64.webp"}, {"id": 2, "name": "REMA1000", "image": "https://static-assets.digital.rema1000.dk/product/labels/2-64.webp"}], "description": null, "info": "", "images": [{"small": "https://rema-product-images.digital.rema1000.dk/86861/1-small-Z8qplBaAq3.webp", "medium": "https://rema-product-images.digital.rema1000.dk/86861/1-medium-Z8qplBaAq3.webp", "large": "https://rema-product-images.digital.rema1000.dk/86861/1-large-Z8qplBaAq3.webp"}], "prices": [{"price": 5, "price_over_max_quantity": null, "max_quantity": null, "is_advertised": true, "is_campaign": true, "starting_at": "2025-08-17T00:00:00+00:00", "ending_at": "2025-08-23T00:00:00+00:00", "deposit": null, "compare_unit": "kg", "compare_unit_price": 55.56, "consumption_unit": null, "consumption_quantity": null}, {"price": 10, "price_over_max_quantity": null, "max_quantity": null, "is_advertised": false, "is_campaign": false, "starting_at": "2025-08-24T00:00:00+00:00", "ending_at": "2099-12-31T00:00:00+00:00", "deposit": null, "compare_unit": "kg", "compare_unit_price": 111.11, "consumption_unit": null, "consumption_quantity": null}], "temperature_zone": null, "is_self_scale_item": false, "is_weight_item": false, "is_available_in_all_stores": true, "is_batch_item": false}
{"id": 255, "name": "VINGUMMI MIX", "underline": "100 GR. / REMA 1000", "age_limit": null, "hazard_precaution_statements": [], "labels": [{"id": 9001, "name": "Avisvare", "image": "https://static-assets.digital.rema1000.dk/product/labels/9001-64.webp"}, {"id": 2, "name": "REMA1000", "image": "https://static-assets.digital.rema1000.dk/product/labels/2-64.webp"}], "description": null, "info": "", "images": [{"small": "https://rema-product-images.digital.rema1000.dk/86862/1-small-2B943brMqk.webp", "medium": "https://rema-product-images.digital.rema1000.dk/86862/1-medium-2B943brMqk.webp", "large": "https://rema-product-images.digital.rema1000.dk/86862/1-large-2B943brMqk.webp"}], "prices": [{"price": 5, "price_over_max_quantity": null, "max_quantity": null, "is_advertised": true, "is_campaign": true, "starting_at": "2025-08-17T00:00:00+00:00", "ending_at": "2025-08-23T00:00:00+00:00", "deposit": null, "compare_unit": "kg", "compare_unit_price": 50, "consumption_unit": null, "consumption_quantity": null}, {"price": 10, "price_over_max_quantity": null, "max_quantity": null, "is_advertised": false, "is_campaign": false, "starting_at": "2025-08-24T00:00:00+00:00", "ending_at": "2099-12-31T00:00:00+00:00", "deposit": null, "compare_unit": "kg", "compare_unit_price": 100, "consumption_unit": null, "consumption_quantity": null}], "temperature_zone": null, "is_self_scale_item": false, "is_weight_item": false, "is_available_in_all_stores": true, "is_batch_item": false}
{"id": 256, "name": "SURPRISE MIX", "underline": "475 GR. / HARIBO", "age_limit": null, "hazard_precaution_statements": [], "labels": [], "description": null, "info": "", "images": [{"small": "https://rema-product-images.digital.rema1000.dk/86884/1-small-rQqQlvk2oe.webp", "medium": "https://rema-product-images.digital.rema1000.dk/86884/1-medium-rQqQlvk2oe.webp", "large": "https://rema-product-images.digital.rema1000.dk/86884/1-large-rQqQlvk2oe.webp"}], "prices": [{"price": 50, "price_over_max_quantity": null, "max_quantity": null, "is_advertised": false, "is_campaign": false, "starting_at": "2025-03-04T00:00:00+00:00", "ending_at": "2099-12-31T00:00:00+00:00", "deposit": null, "compare_unit": "kg", "compare_unit_price": 105.26, "consumption_unit": null, "consumption_quantity": null}], "temperature_zone": null, "is_self_scale_item": false, "is_weight_item": false, "is_available_in_all_stores": true, "is_batch_item": false}
{"id": 257, "name": "ENGELSK VINGUMMI", "underline": "250 GR. / REMA 1000", "age_limit": null, "hazard_precaution_statements": [], "labels": [{"id": 2, "name": "REMA1000", "image": "https://static-assets.digital.rema1000.dk/product/labels/2-64.webp"}], "description": null, "info": "", "images": [{"small": "https://rema-product-images.digital.rema1000.dk/89645/1-small-ElPB16n89k.webp", "medium": "https://rema-product-images.digital.rema1000.dk/89645/1-medium-ElPB16n89k.webp", "large": "https://rema-product-images.digital.rema1000.dk/89645/1-large-ElPB16n89k.webp"}], "prices": [{"price": 25, "price_over_max_quantity": null, "max_quantity": null, "is_advertised": false, "is_campaign": false, "starting_at": "2023-01-26T00:00:00+00:00", "ending_at": "2099-12-31T00:00:00+00:00", "deposit": null, "compare_unit": "kg", "compare_unit_price": 100, "consumption_unit": null, "consumption_quantity": null}], "temperature_zone": null, "is_self_scale_item": false, "is_weight_item": false, "is_available_in_all_stores": true, "is_batch_item": false}
{"id": 258, "name": "LAKRIDSKONFEKT", "underline": "225 GR. / REMA 1000", "age_limit": null, "hazard_precaution_statements": [], "labels": [{"id": 2, "name": "REMA1000", "image": "https://static-assets.digital.rema1000.dk/product/labels/2-64.webp"}], "description": null, "info": "", "images": [{"small": "https://rema-product-images.digital.rema1000.dk/89646/1-small-kAonlMej9x.webp", "medium": "https://rema-product-images.digital.rema1000.dk/89646/1-medium-kAonlMej9x.webp", "large": "https://rema-product-images.digital.rema1000.dk/89646/1-large-kAonlMej9x.webp"}], "prices": [{"price": 25, "price_over_max_quantity": null, "max_quantity": null, "is_advertised": false, "is_campaign": false, "starting_at": "2023-01-26T00:00:00+00:00", "ending_at": "2099-12-31T00:00:00+00:00", "deposit": null, "compare_unit": "kg", "compare_unit_price": 111.11, "consumption_unit": null, "consumption_quantity": null}], "temperature_zone": null, "is_self_scale_item": false, "is_weight_item": false, "is_available_in_all_stores": true, "is_batch_item": false}
{"id": 259, "name": "SAMARIN", "underline": "18 STK. / BRUSEPULVER", "age_limit": null, "hazard_precaution_statements": [], "labels": [], "description": "Enkeltdosisbeholdere", "info": "", "images": [{"small": "https://rema-product-images.digital.rema1000.dk/900100/1-small-xePwleOEow.webp", "medium": "https://rema-product-images.digital.rema1000.dk/900100/1-medium-xePwleOEow.webp", "large": "https://rema-product-images.digital.rema1000.dk/900100/1-large-xePwleOEow.webp"}], "prices": [{"price": 49.95, "price_over_max_quantity": null, "max_quantity": null, "is_advertised": false, "is_campaign": false, "starting_at": "2022-10-13T00:00:00+00:00", "ending_at": "2099-12-31T00:00:00+00:00", "deposit": null, "compare_unit": "stk", "compare_unit_price": 2.78, "consumption_unit": null, "consumption_quantity": null}], "temperature_zone": null, "is_self_scale_item": false, "is_weight_item": false, "is_available_in_all_stores": true, "is_batch_item": false}
{"id": 260, "name": "MULTI GUMMIES", "underline": "45 STK. / LIVOL MED 3 SMAGE", "age_limit": null, "hazard_precaution_statements": [], "labels": [], "description": "Livol Vitamin gummies med smag af hindbær, appelsin, og blåbær. Vitamin gummies indeholder 9 vitaminer, blandt andet A, C og D-vitamin.", "info": "", "images": [{"small": "https://rema-product-images.digital.rema1000.dk/900368/1-small-vXod6WR793.webp", "medium": "https://rema-product-images.digital.rema1000.dk/900368/1-medium-vXod6WR793.webp", "large": "https://rema-product-images.digital.rema1000.dk/900368/1-large-vXod6WR793.webp"}], "prices": [{"price": 74.95, "price_over_max_quantity": null, "max_quantity": null, "is_advertised": false, "is_campaign": false, "starting_at": "2025-02-06T00:00:00+00:00", "ending_at": "2099-12-31T00:00:00+00:00", "deposit": null, "compare_unit": "stk", "compare_unit_price": 1.67, "consumption_unit": null, "consumption_quantity": null}], "temperature_zone": null, "is_self_scale_item": false, "is_weight_item": false, "is_available_in_all_stores": true, "is_batch_item": false}
{"id": 261, "name": "CHOKOLADE SAUCE", "underline": "175 GR. / ODENSE", "age_limit": null, "hazard_precaution_statements": [], "labels": [], "description": null, "info": "", "images": [{"small": "https://rema-product-images.digital.rema1000.dk/90066/1-small-pyozdpA19X.webp", "medium": "https://rema-product-images.digital.rema1000.dk/90066/1-medium-pyozdpA19X.webp", "large": "https://rema-product-images.digital.rema1000.dk/90066/1-large-pyozdpA19X.webp"}], "prices": [{"price": 32.95, "price_over_max_quantity": null, "max_quantity": null, "is_advertised": false, "is_campaign": false, "starting_at": "2025-02-01T00:00:00+00:00", "ending_at": "2099-12-31T00:00:00+00:00", "deposit": null, "compare_unit": "kg", "compare_unit_price": 188.29, "consumption_unit": null, "consumption_quantity": null}], "temperature_zone": null, "is_self_scale_item": false, "is_weight_item": false, "is_available_in_all_stores": true, "is_batch_item": false}
{"id": 262, "name": "STØDT KANEL", "underline": "40 GR. / REMA 1000", "age_limit": null, "hazard_precaution_statements": [], "labels": [{"id": 2, "name": "REMA1000", "image": "https://static-assets.digital.rema1000.dk/product/labels/2-64.webp"}, {"id": 5, "name": "Økologi", "image": "https://static-assets.digital.rema1000.dk/product/labels/5-64.webp"}], "description": null, "info": "", "images": [{"small": "https://rema-product-images.digital.rema1000.dk/90110/1-small-Al90W3Akq8.webp", "medium": "https://rema-product-images.digital.rema1000.dk/90110/1-medium-Al90W3Akq8.webp", "large": "https://rema-product-images.digital.rema1000.dk/90110/1-large-Al90W3Akq8.webp"}], "prices": [{"price": 9.95, "price_over_max_quantity": null, "max_quantity": null, "is_advertised": false, "is_campaign": false, "starting_at": "2023-11-02T00:00:00+00:00", "ending_at": "2099-12-31T00:00:00+00:00", "deposit": null, "compare_unit": "kg", "compare_unit_price": 248.75, "consumption_unit": null, "consumption_quantity": null}], "temperature_zone": null, "is_self_scale_item": false, "is_weight_item": false, "is_available_in_all_stores": true, "is_batch_item": false}
{"id": 263, "name": "ROSMARIN", "underline": "20 GR. / REMA 1000", "age_limit": null, "hazard_precaution_statements": [], "labels": [{"id": 2, "name": "REMA1000", "image": "https://static-assets.digital.rema1000.dk/product/labels/2-64.webp"}, {"id": 5, "name": "Økologi", "image": "https://static-assets.digital.rema1000.dk/product/labels/5-64.webp"}], "description": null, "info": "", "images": [{"small": "https://rema-product-images.digital.rema1000.dk/90111/1-small-A5qVz61wqa.webp", "medium": "https://rema-product-images.digital.rema1000.dk/90111/1-medium-A5qVz61wqa.webp", "large": "https://rema-product-images.digital.rema1000.dk/90111/1-large-A5qVz61wqa.webp"}], "prices": [{"price": 15, "price_over_max_quantity": null, "max_quantity": null, "is_advertised": false, "is_campaign": false, "starting_at": "2020-06-19T00:00:00+00:00", "ending_at": "2099-12-31T00:00:00+00:00", "deposit": null, "compare_unit": "kg", "compare_unit_price": 750, "consumption_unit": null, "consumption_quantity": null}], "temperature_zone": null, "is_self_scale_item": false, "is_weight_item": false, "is_available_in_all_stores": true, "is_batch_item": false}
{"id": 264, "name": "CAYENNEPEBER", "underline": "40 GR. / REMA 1000", "age_limit": null, "hazard_precaution_statements": [], "labels": [{"id": 2, "name": "REMA1000", "image": "https://static-assets.digital.rema1000.dk/product/labels/2-64.webp"}, {"id": 5, "name": "Økologi", "image": "https://static-assets.digital.rema1000.dk/product/labels/5-64.webp"}], "description": null, "info": "", "images": [{"small": "https://rema-product-images.digital.rema1000.dk/90112/1-small-18oXzwEy9k.webp", "medium": "https://rema-product-images.digital.rema1000.dk/90112/1-medium-18oXzwEy9k.webp", "large": "https://rema-product-images.digital.rema1000.dk/90112/1-large-18oXzwEy9k.webp"}], "prices": [{"price": 15.95, "price_over_max_quantity": null, "max_quantity": null, "is_advertised": false, "is_campaign": false, "starting_at": "2025-06-19T00:00:00+00:00", "ending_at": "2099-12-31T00:00:00+00:00", "deposit": null, "compare_unit": "kg", "compare_unit_price": 398.75, "consumption_unit": null, "consumption_quantity": null}], "temperature_zone": null, "is_self_scale_item": false, "is_weight_item": false, "is_available_in_all_stores": true, "is_batch_item": false}
{"id": 265, "name": "GRANULERET HVIDLØG", "underline": "55 GR. / REMA 1000", "age_limit": null, "hazard_precaution_statements": [], "labels": [{"id": 2, "name": "REMA1000", "image": "https://static-assets.digital.rema1000.dk/product/labels/2-64.webp"}, {"id": 5, "name": "Økologi", "image": "https://static-assets.digital.rema1000.dk/product/labels/5-64.webp"}], "description": null, "info": "", "images": [{"small": "https://rema-product-images.digital.rema1000.dk/90113/1-small-wyPbj0EjPE.webp", "medium": "https://rema-product-images.digital.rema1000.dk/90113/1-medium-wyPbj0EjPE.webp", "large": "https://rema-product-images.digital.rema1000.dk/90113/1-large-wyPbj0EjPE.webp"}], "prices": [{"price": 13.75, "price_over_max_quantity": null, "max_quantity": null, "is_advertised": false, "is_campaign": false, "starting_at": "2025-06-19T00:00:00+00:00", "ending_at": "2099-12-31T00:00:00+00:00", "deposit": null, "compare_unit": "kg", "compare_unit_price": 250, "consumption_unit": null, "consumption_quantity": null}], "temperature_zone": null, "is_self_scale_item": false, "is_weight_item": false, "is_available_in_all_stores": true, "is_batch_item": false}
{"id": 266, "name": "SUKKER", "underline": "1 KG. / REMA 1000", "age_limit": null, "hazard_precaution_statements": [], "labels": [{"id": 2, "name": "REMA1000", "image": "https://static-assets.digital.rema1000.dk/product/labels/2-64.webp"}], "description": null, "info": "", "images": [{"small": "https://rema-product-images.digital.rema1000.dk/90119/1-small-rDq6DKMjPb.webp", "medium": "https://rema-product-images.digital.rema1000.dk/90119/1-medium-rDq6DKMjPb.webp", "large": "https://rema-product-images.digital.rema1000.dk/90119/1-large-rDq6DKMjPb.webp"}], "prices": [{"price": 9.95, "price_over_max_quantity": null, "max_quantity": null, "is_advertised": false, "is_campaign": false, "starting_at": "2025-01-09T00:00:00+00:00", "ending_at": "2099-12-31T00:00:00+00:00", "deposit": null, "compare_unit": "kg", "compare_unit_price": 9.95, "consumption_unit": null, "consumption_quantity": null}], "temperature_zone": null, "is_self_scale_item": false, "is_weight_item": false, "is_available_in_all_stores": true, "is_batch_item": false}
{"id": 267, "name": "STØDT KARDEMOMME", "underline": "30 GR. / REMA 1000", "age_limit": null, "hazard_precaution_statements": [], "labels": [{"id": 2, "name": "REMA1000", "image": "https://static-assets.digital.rema1000.dk/product/labels/2-64.webp"}, {"id": 5, "name": "Økologi", "image": "https://static-assets.digital.rema1000.dk/product/labels/5-64.webp"}], "description": null, "info": "", "images": [{"small": "https://rema-product-images.digital.rema1000.dk/90124/1-small-vXodjRBZ93.webp", "medium": "https://rema-product-images.digital.rema1000.dk/90124/1-medium-vXodjRBZ93.webp", "large": "https://rema-product-images.digital.rema1000.dk/90124/1-large-vXodjRBZ93.webp"}], "prices": [{"price": 17, "price_over_max_quantity": null, "max_quantity": null, "is_advertised": false, "is_campaign": false, "starting_at": "2023-11-02T00:00:00+00:00", "ending_at": "2099-12-31T00:00:00+00:00", "deposit": null, "compare_unit": "kg", "compare_unit_price": 566.67, "consumption_unit": null, "consumption_quantity": null}], "temperature_zone": null, "is_self_scale_item": false, "is_weight_item": false, "is_available_in_all_stores": true, "is_batch_item": false}
{"id": 268, "name": "STØDT GURKEMEJE", "underline": "40 GR. / REMA 1000", "age_limit": null, "hazard_precaution_statements": [], "labels": [{"id": 2, "name": "REMA1000", "image": "https://static-assets.digital.rema1000.dk/product/labels/2-64.webp"}, {"id": 5, "name": "Økologi", "image": "https://static-assets.digital.rema1000.dk/product/labels/5-64.webp"}], "description": null, "info": "", "images": [{"small": "https://rema-product-images.digital.rema1000.dk/90126/1-small-kOq3b3wko6.webp", "medium": "https://rema-product-images.digital.rema1000.dk/90126/1-medium-kOq3b3wko6.webp", "large": "https://rema-product-images.digital.rema1000.dk/90126/1-large-kOq3b3wko6.webp"}], "prices": [{"price": 8.95, "price_over_max_quantity": null, "max_quantity": null, "is_advertised": false, "is_campaign": false, "starting_at": "2023-11-02T00:00:00+00:00", "ending_at": "2099-12-31T00:00:00+00:00", "deposit": null, "compare_unit": "kg", "compare_unit_price": 223.75, "consumption_unit": null, "consumption_quantity": null}], "temperature_zone": null, "is_self_scale_item": false, "is_weight_item": false, "is_available_in_all_stores": true, "is_batch_item": false}
{"id": 269, "name": "STØDT KORIANDER", "underline": "35 GR. / REMA1000", "age_limit": null, "hazard_precaution_statements": [], "labels": [{"id": 2, "name": "REMA1000", "image": "https://static-assets.digital.rema1000.dk/product/labels/2-64.webp"}, {"id": 5, "name": "Økologi", "image": "https://static-assets.digital.rema1000.dk/product/labels/5-64.webp"}], "description": null, "info": "", "images": [{"small": "https://rema-product-images.digital.rema1000.dk/90127/1-small-OW9OVzE4qg.webp", "medium": "https://rema-product-images.digital.rema1000.dk/90127/1-medium-OW9OVzE4qg.webp", "large": "https://rema-product-images.digital.rema1000.dk/90127/1-large-OW9OVzE4qg.webp"}], "prices": [{"price": 13.95, "price_over_max_quantity": null, "max_quantity": null, "is_advertised": false, "is_campaign": false, "starting_at": "2023-11-02T00:00:00+00:00", "ending_at": "2099-12-31T00:00:00+00:00", "deposit": null, "compare_unit": "kg", "compare_unit_price": 398.57, "consumption_unit": null, "consumption_quantity": null}], "temperature_zone": null, "is_self_scale_item": false, "is_weight_item": false, "is_available_in_all_stores": true, "is_batch_item": false}
{"id": 270, "name": "HVEDEMEL", "underline": "2 KG. / GLUTEN", "age_limit": null, "hazard_precaution_statements": [], "labels": [], "description": null, "info": "", "images": [{"small": "https://rema-product-images.digital.rema1000.dk/90129/1-small-pYqxn3YyP1.webp", "medium": "https://rema-product-images.digital.rema1000.dk/90129/1-medium-pYqxn3YyP1.webp", "large": "https://rema-product-images.digital.rema1000.dk/90129/1-large-pYqxn3YyP1.webp"}], "prices": [{"price": 23.95, "price_over_max_quantity": null, "max_quantity": null, "is_advertised": false, "is_campaign": false, "starting_at": "2023-06-15T00:00:00+00:00", "ending_at": "2099-12-31T00:00:00+00:00", "deposit": null, "compare_unit": "kg", "compare_unit_price": 11.98, "consumption_unit": null, "consumption_quantity": null}], "temperature_zone": null, "is_self_scale_item": false, "is_weight_item": false, "is_available_in_all_stores": true, "is_batch_item": false}
{"id": 271, "name": "HELE PEBERKORN", "underline": "45 GR. / REMA 1000", "age_limit": null, "hazard_precaution_statements": [], "labels": [{"id": 2, "name": "REMA1000", "image": "https://static-assets.digital.rema1000.dk/product/labels/2-64.webp"}, {"id": 5, "name": "Økologi", "image": "https://static-assets.digital.rema1000.dk/product/labels/5-64.webp"}], "description": null, "info": "", "images": [{"small": "https://rema-product-images.digital.rema1000.dk/90137/1-small-JzPJnvZYPk.webp", "medium": "https://rema-product-images.digital.rema1000.dk/90137/1-medium-JzPJnvZYPk.webp", "large": "https://rema-product-images.digital.rema1000.dk/90137/1-large-JzPJnvZYPk.webp"}], "prices": [{"price": 13.45, "price_over_max_quantity": null, "max_quantity": null, "is_advertised": false, "is_campaign": false, "starting_at": "2025-06-19T00:00:00+00:00", "ending_at": "2099-12-31T00:00:00+00:00", "deposit": null, "compare_unit": "kg", "compare_unit_price": 298.89, "consumption_unit": null, "consumption_quantity": null}], "temperature_zone": null, "is_self_scale_item": false, "is_weight_item": false, "is_available_in_all_stores": true, "is_batch_item": false}
{"id": 272, "name": "SØD PAPRIKA", "underline": "45 GR. / REMA 1000", "age_limit": null, "hazard_precaution_statements": [], "labels": [{"id": 2, "name": "REMA1000", "image": "https://static-assets.digital.rema1000.dk/product/labels/2-64.webp"}, {"id": 5, "name": "Økologi", "image": "https://static-assets.digital.rema1000.dk/product/labels/5-64.webp"}], "description": null, "info": "", "images": [{"small": "https://rema-product-images.digital.rema1000.dk/90138/1-small-MBoNnpE5ov.webp", "medium": "https://rema-product-images.digital.rema1000.dk/90138/1-medium-MBoNnpE5ov.webp", "large": "https://rema-product-images.digital.rema1000.dk/90138/1-large-MBoNnpE5ov.webp"}], "prices": [{"price": 8.95, "price_over_max_quantity": null, "max_quantity": null, "is_advertised": false, "is_campaign": false, "starting_at": "2023-11-02T00:00:00+00:00", "ending_at": "2099-12-31T00:00:00+00:00", "deposit": null, "compare_unit": "kg", "compare_unit_price": 198.89, "consumption_unit": null, "consumption_quantity": null}], "temperature_zone": null, "is_self_scale_item": false, "is_weight_item": false, "is_available_in_all_stores": true, "is_batch_item": false}
{"id": 273, "name": "KARRY", "underline": "35 GR. / REMA 1000", "age_limit": null, "hazard_precaution_statements": [], "labels": [{"id": 2, "name": "REMA1000", "image": "https://static-assets.digital.rema1000.dk/product/labels/2-64.webp"}, {"id": 5, "name": "Økologi", "image": "https://static-assets.digital.rema1000.dk/product/labels/5-64.webp"}], "description": null, "info": "", "images": [{"small": "https://rema-product-images.digital.rema1000.dk/90139/1-small-zOPlGlK19R.webp", "medium": "https://rema-product-images.digital.rema1000.dk/90139/1-medium-zOPlGlK19R.webp", "large": "https://rema-product-images.digital.rema1000.dk/90139/1-large-zOPlGlK19R.webp"}], "prices": [{"price": 10.45, "price_over_max_quantity": null, "max_quantity": null, "is_advertised": false, "is_campaign": false, "starting_at": "2025-06-19T00:00:00+00:00", "ending_at": "2099-12-31T00:00:00+00:00", "deposit": null, "compare_unit": "kg", "compare_unit_price": 298.57, "consumption_unit": null, "consumption_quantity": null}], "temperature_zone": null, "is_self_scale_item": false, "is_weight_item": false, "is_available_in_all_stores": true, "is_batch_item": false}
{"id": 274, "name": "OREGANO", "underline": "10 GR. / REMA 1000", "age_limit": null, "hazard_precaution_statements": [], "labels": [{"id": 2, "name": "REMA1000", "image": "https://static-assets.digital.rema1000.dk/product/labels/2-64.webp"}, {"id": 5, "name": "Økologi", "image": "https://static-assets.digital.rema1000.dk/product/labels/5-64.webp"}], "description": null, "info": "", "images": [{"small": "https://rema-product-images.digital.rema1000.dk/90140/1-small-rQqQlpE2oe.webp", "medium": "https://rema-product-images.digital.rema1000.dk/90140/1-medium-rQqQlpE2oe.webp", "large": "https://rema-product-images.digital.rema1000.dk/90140/1-large-rQqQlpE2oe.webp"}], "prices": [{"price": 5.83, "price_over_max_quantity": null, "max_quantity": null, "is_advertised": false, "is_campaign": false, "starting_at": "2023-11-30T00:00:00+00:00", "ending_at": "2099-12-31T00:00:00+00:00", "deposit": null, "compare_unit": "kg", "compare_unit_price": 583, "consumption_unit": null, "consumption_quantity": null}], "temperature_zone": null, "is_self_scale_item": false, "is_weight_item": false, "is_available_in_all_stores": true, "is_batch_item": false}
{"id": 275, "name": "STØDT INGEFÆR", "underline": "40 GR. / REMA 1000", "age_limit": null, "hazard_precaution_statements": [], "labels": [{"id": 2, "name": "REMA1000", "image": "https://static-assets.digital.rema1000.dk/product/labels/2-64.webp"}, {"id": 5, "name": "Økologi", "image": "https://static-assets.digital.rema1000.dk/product/labels/5-64.webp"}], "description": null, "info": "", "images": [{"small": "https://rema-product-images.digital.rema1000.dk/90141/1-small-we9EO34Log.webp", "medium": "https://rema-product-images.digital.rema1000.dk/90141/1-medium-we9EO34Log.webp", "large": "https://rema-product-images.digital.rema1000.dk/90141/1-large-we9EO34Log.webp"}], "prices": [{"price": 11.35, "price_over_max_quantity": null, "max_quantity": null, "is_advertised": false, "is_campaign": false, "starting_at": "2023-11-02T00:00:00+00:00", "ending_at": "2099-12-31T00:00:00+00:00", "deposit": null, "compare_unit": "kg", "compare_unit_price": 283.75, "consumption_unit": null, "consumption_quantity": null}], "temperature_zone": null, "is_self_scale_item": false, "is_weight_item": false, "is_available_in_all_stores": true, "is_batch_item": false}
{"id": 276, "name": "BUDDINGPULVER", "underline": "111 GR. / REMA 1000", "age_limit": null, "hazard_precaution_statements": [], "labels": [{"id": 2, "name": "REMA1000", "image": "https://static-assets.digital.rema1000.dk/product/labels/2-64.webp"}], "description": null, "info": "", "images": [{"small": "https://rema-product-images.digital.rema1000.dk/90142/1-small-A4Py0lzk9L.webp", "medium": "https://rema-product-images.digital.rema1000.dk/90142/1-medium-A4Py0lzk9L.webp", "large": "https://rema-product-images.digital.rema1000.dk/90142/1-large-A4Py0lzk9L.webp"}], "prices": [{"price": 7.95, "price_over_max_quantity": null, "max_quantity": null, "is_advertised": false, "is_campaign": false, "starting_at": "2020-07-07T00:00:00+00:00", "ending_at": "2099-12-31T00:00:00+00:00", "deposit": null, "compare_unit": "kg", "compare_unit_price": 71.62, "consumption_unit": null, "consumption_quantity": null}], "temperature_zone": null, "is_self_scale_item": false, "is_weight_item": false, "is_available_in_all_stores": true, "is_batch_item": false}
{"id": 277, "name": "MAJSPASTA FUSILLI", "underline": "500 GR.", "age_limit": null, "hazard_precaution_statements": [], "labels": [{"id": 38, "name": "Gluten fri", "image": "https://static-assets.digital.rema1000.dk/product/labels/38-64.webp"}], "description": null, "info": "", "images": [{"small": "https://rema-product-images.digital.rema1000.dk/90153/1-small-aboK8MEwqp.webp", "medium": "https://rema-product-images.digital.rema1000.dk/90153/1-medium-aboK8MEwqp.webp", "large": "https://rema-product-images.digital.rema1000.dk/90153/1-large-aboK8MEwqp.webp"}], "prices": [{"price": 12.95, "price_over_max_quantity": null, "max_quantity": null, "is_advertised": false, "is_campaign": false, "starting_at": "2025-06-26T00:00:00+00:00", "ending_at": "2099-12-31T00:00:00+00:00", "deposit": null, "compare_unit": "kg", "compare_unit_price": 25.9, "consumption_unit": null, "consumption_quantity": null}], "temperature_zone": null, "is_self_scale_item": false, "is_weight_item": false, "is_available_in_all_stores": false, "is_batch_item": false}
{"id": 278, "name": "GUF TIL IS JORDBÆR", "underline": "150 GR. / DR.OETKER", "age_limit": null, "hazard_precaution_statements": [], "labels": [], "description": null, "info": "", "images": [{"small": "https://rema-product-images.digital.rema1000.dk/90174/1-small-869D76RMqM.webp", "medium": "https://rema-product-images.digital.rema1000.dk/90174/1-medium-869D76RMqM.webp", "large": "https://rema-product-images.digital.rema1000.dk/90174/1-large-869D76RMqM.webp"}], "prices": [{"price": 12, "price_over_max_quantity": null, "max_quantity": null, "is_advertised": false, "is_campaign": false, "starting_at": "2022-10-06T00:00:00+00:00", "ending_at": "2099-12-31T00:00:00+00:00", "deposit": null, "compare_unit": "kg", "compare_unit_price": 80, "consumption_unit": null, "consumption_quantity": null}], "temperature_zone": null, "is_self_scale_item": false, "is_weight_item": false, "is_available_in_all_stores": true, "is_batch_item": false}
{"id": 279, "name": "VANILJESUKKER", "underline": "110 GR. / REMA 1000", "age_limit": null, "hazard_precaution_statements": [], "labels": [{"id": 2, "name": "REMA1000", "image": "https://static-assets.digital.rema1000.dk/product/labels/2-64.webp"}], "description": null, "info": "", "images": [{"small": "https://rema-product-images.digital.rema1000.dk/90228/1-small-xyqaj4ZV9D.webp", "medium": "https://rema-product-images.digital.rema1000.dk/90228/1-medium-xyqaj4ZV9D.webp", "large": "https://rema-product-images.digital.rema1000.dk/90228/1-large-xyqaj4ZV9D.webp"}], "prices": [{"price": 9.5, "price_over_max_quantity": null, "max_quantity": null, "is_advertised": false, "is_campaign": false, "starting_at": "2023-12-14T00:00:00+00:00", "ending_at": "2099-12-31T00:00:00+00:00", "deposit": null, "compare_unit": "kg", "compare_unit_price": 86.36, "consumption_unit": null, "consumption_quantity": null}], "temperature_zone": null, "is_self_scale_item": false, "is_weight_item": false, "is_available_in_all_stores": true, "is_batch_item": false}
{"id": 280, "name": "SESAMFRØ", "underline": "150 GR. / REMA 1000", "age_limit": null, "hazard_precaution_statements": [], "labels": [{"id": 2, "name": "REMA1000", "image": "https://static-assets.digital.rema1000.dk/product/labels/2-64.webp"}], "description": null, "info": "", "images": [{"small": "https://rema-product-images.digital.rema1000.dk/90248/1-small-OJq52adv9p.webp", "medium": "https://rema-product-images.digital.rema1000.dk/90248/1-medium-OJq52adv9p.webp", "large": "https://rema-product-images.digital.rema1000.dk/90248/1-large-OJq52adv9p.webp"}], "prices": [{"price": 12.95, "price_over_max_quantity": null, "max_quantity": null, "is_advertised": false, "is_campaign": false, "starting_at": "2022-08-04T00:00:00+00:00", "ending_at": "2099-12-31T00:00:00+00:00", "deposit": null, "compare_unit": "kg", "compare_unit_price": 86.33, "consumption_unit": null, "consumption_quantity": null}], "temperature_zone": null, "is_self_scale_item": false, "is_weight_item": false, "is_available_in_all_stores": true, "is_batch_item": false}
{"id": 281, "name": "LYS JÆVNER", "underline": "250 GR. / REMA 1000", "age_limit": null, "hazard_precaution_statements": [], "labels": [{"id": 2, "name": "REMA1000", "image": "https://static-assets.digital.rema1000.dk/product/labels/2-64.webp"}], "description": null, "info": "", "images": [{"small": "https://rema-product-images.digital.rema1000.dk/90259/1-small-KpqRrj3NqL.webp", "medium": "https://rema-product-images.digital.rema1000.dk/90259/1-medium-KpqRrj3NqL.webp", "large": "https://rema-product-images.digital.rema1000.dk/90259/1-large-KpqRrj3NqL.webp"}], "prices": [{"price": 10.95, "price_over_max_quantity": null, "max_quantity": null, "is_advertised": false, "is_campaign": false, "starting_at": "2023-11-30T00:00:00+00:00", "ending_at": "2099-12-31T00:00:00+00:00", "deposit": null, "compare_unit": "kg", "compare_unit_price": 43.8, "consumption_unit": null, "consumption_quantity": null}], "temperature_zone": null, "is_self_scale_item": false, "is_weight_item": false, "is_available_in_all_stores": true, "is_batch_item": false}
{"id": 282, "name": "KARTOFFELMOS", "underline": "500 GR. / REMA 1000", "age_limit": null, "hazard_precaution_statements": [], "labels": [{"id": 2, "name": "REMA1000", "image": "https://static-assets.digital.rema1000.dk/product/labels/2-64.webp"}], "description": null, "info": "", "images": [{"small": "https://rema-product-images.digital.rema1000.dk/90262/1-small-2B943YZ8qk.webp", "medium": "https://rema-product-images.digital.rema1000.dk/90262/1-medium-2B943YZ8qk.webp", "large": "https://rema-product-images.digital.rema1000.dk/90262/1-large-2B943YZ8qk.webp"}], "prices": [{"price": 17.95, "price_over_max_quantity": null, "max_quantity": null, "is_advertised": false, "is_campaign": false, "starting_at": "2025-02-13T00:00:00+00:00", "ending_at": "2099-12-31T00:00:00+00:00", "deposit": null, "compare_unit": "kg", "compare_unit_price": 35.9, "consumption_unit": null, "consumption_quantity": null}], "temperature_zone": null, "is_self_scale_item": false, "is_weight_item": false, "is_available_in_all_stores": true, "is_batch_item": false}
{"id": 283, "name": "SOLSIKKEKERNER", "underline": "400 GR. / REMA 1000", "age_limit": null, "hazard_precaution_statements": [], "labels": [{"id": 2, "name": "REMA1000", "image": "https://static-assets.digital.rema1000.dk/product/labels/2-64.webp"}], "description": null, "info": "", "images": [{"small": "https://rema-product-images.digital.rema1000.dk/90269/1-small-Ea91ZkeYPz.webp", "medium": "https://rema-product-images.digital.rema1000.dk/90269/1-medium-Ea91ZkeYPz.webp", "large": "https://rema-product-images.digital.rema1000.dk/90269/1-large-Ea91ZkeYPz.webp"}], "prices": [{"price": 11.5, "price_over_max_quantity": null, "max_quantity": null, "is_advertised": false, "is_campaign": false, "starting_at": "2023-10-19T00:00:00+00:00", "ending_at": "2099-12-31T00:00:00+00:00", "deposit": null, "compare_unit": "kg", "compare_unit_price": 28.75, "consumption_unit": null, "consumption_quantity": null}], "temperature_zone": null, "is_self_scale_item": false, "is_weight_item": false, "is_available_in_all_stores": true, "is_batch_item": false}
{"id": 284, "name": "HØRFRØ", "underline": "400 GR. / REMA 1000", "age_limit": null, "hazard_precaution_statements": [], "labels": [{"id": 2, "name": "REMA1000", "image": "https://static-assets.digital.rema1000.dk/product/labels/2-64.webp"}], "description": null, "info": "", "images": [{"small": "https://rema-product-images.digital.rema1000.dk/90270/1-small-kOq3b3zJo6.webp", "medium": "https://rema-product-images.digital.rema1000.dk/90270/1-medium-kOq3b3zJo6.webp", "large": "https://rema-product-images.digital.rema1000.dk/90270/1-large-kOq3b3zJo6.webp"}], "prices": [{"price": 11.5, "price_over_max_quantity": null, "max_quantity": null, "is_advertised": false, "is_campaign": false, "starting_at": "2023-10-19T00:00:00+00:00", "ending_at": "2099-12-31T00:00:00+00:00", "deposit": null, "compare_unit": "kg", "compare_unit_price": 28.75, "consumption_unit": null, "consumption_quantity": null}], "temperature_zone": null, "is_self_scale_item": false, "is_weight_item": false, "is_available_in_all_stores": true, "is_batch_item": false}
{"id": 285, "name": "5-KORNSBLANDING", "underline": "350 GR. / REMA 1000", "age_limit": null, "hazard_precaution_statements": [], "labels": [{"id": 2, "name": "REMA1000", "image": "https://static-assets.digital.rema1000.dk/product/labels/2-64.webp"}, {"id": 5, "name": "Økologi", "image": "https://static-assets.digital.rema1000.dk/product/labels/5-64.webp"}, {"id": 6, "name": "Økologi", "image": "https://static-assets.digital.rema1000.dk/product/labels/6-64.webp"}], "description": null, "info": "", "images": [{"small": "https://rema-product-images.digital.rema1000.dk/90273/1-small-pYqxn3W4P1.webp", "medium": "https://rema-product-images.digital.rema1000.dk/90273/1-medium-pYqxn3W4P1.webp", "large": "https://rema-product-images.digital.rema1000.dk/90273/1-large-pYqxn3W4P1.webp"}], "prices": [{"price": 12.95, "price_over_max_quantity": null, "max_quantity": null, "is_advertised": false, "is_campaign": false, "starting_at": "2022-07-07T00:00:00+00:00", "ending_at": "2099-12-31T00:00:00+00:00", "deposit": null, "compare_unit": "kg", "compare_unit_price": 37, "consumption_unit": null, "consumption_quantity": null}], "temperature_zone": null, "is_self_scale_item": false, "is_weight_item": false, "is_available_in_all_stores": true, "is_batch_item": false}
{"id": 286, "name": "MØRK JÆVNER", "underline": "250 GR. / REMA 1000", "age_limit": null, "hazard_precaution_statements": [], "labels": [{"id": 2, "name": "REMA1000", "image": "https://static-assets.digital.rema1000.dk/product/labels/2-64.webp"}], "description": null, "info": "", "images": [{"small": "https://rema-product-images.digital.rema1000.dk/90288/1-small-xePwyB87qw.webp", "medium": "https://rema-product-images.digital.rema1000.dk/90288/1-medium-xePwyB87qw.webp", "large": "https://rema-product-images.digital.rema1000.dk/90288/1-large-xePwyB87qw.webp"}], "prices": [{"price": 10.95, "price_over_max_quantity": null, "max_quantity": null, "is_advertised": false, "is_campaign": false, "starting_at": "2023-11-30T00:00:00+00:00", "ending_at": "2099-12-31T00:00:00+00:00", "deposit": null, "compare_unit": "kg", "compare_unit_price": 43.8, "consumption_unit": null, "consumption_quantity": null}], "temperature_zone": null, "is_self_scale_item": false, "is_weight_item": false, "is_available_in_all_stores": true, "is_batch_item": false}
{"id": 287, "name": "MAJSSTIVELSE", "underline": "400 GR. / REMA 1000", "age_limit": null, "hazard_precaution_statements": [], "labels": [{"id": 2, "name": "REMA1000", "image": "https://static-assets.digital.rema1000.dk/product/labels/2-64.webp"}], "description": null, "info": "", "images": [{"small": "https://rema-product-images.digital.rema1000.dk/90290/1-small-kAonlMdM9x.webp", "medium": "https://rema-product-images.digital.rema1000.dk/90290/1-medium-kAonlMdM9x.webp", "large": "https://rema-product-images.digital.rema1000.dk/90290/1-large-kAonlMdM9x.webp"}], "prices": [{"price": 12.95, "price_over_max_quantity": null, "max_quantity": null, "is_advertised": false, "is_campaign": false, "starting_at": "2023-06-22T00:00:00+00:00", "ending_at": "2099-12-31T00:00:00+00:00", "deposit": null, "compare_unit": "kg", "compare_unit_price": 32.38, "consumption_unit": null, "consumption_quantity": null}], "temperature_zone": null, "is_self_scale_item": false, "is_weight_item": false, "is_available_in_all_stores": true, "is_batch_item": false}
{"id": 288, "name": "MILD PAPRIKA", "underline": "100 GR. / REMA 1000", "age_limit": null, "hazard_precaution_statements": [], "labels": [{"id": 2, "name": "REMA1000", "image": "https://static-assets.digital.rema1000.dk/product/labels/2-64.webp"}], "description": null, "info": "", "images": [{"small": "https://rema-product-images.digital.rema1000.dk/90293/1-small-xQq8gYlaoZ.webp", "medium": "https://rema-product-images.digital.rema1000.dk/90293/1-medium-xQq8gYlaoZ.webp", "large": "https://rema-product-images.digital.rema1000.dk/90293/1-large-xQq8gYlaoZ.webp"}], "prices": [{"price": 5.95, "price_over_max_quantity": null, "max_quantity": null, "is_advertised": false, "is_campaign": false, "starting_at": "2022-10-06T00:00:00+00:00", "ending_at": "2099-12-31T00:00:00+00:00", "deposit": null, "compare_unit": "kg", "compare_unit_price": 59.5, "consumption_unit": null, "consumption_quantity": null}], "temperature_zone": null, "is_self_scale_item": false, "is_weight_item": false, "is_available_in_all_stores": true, "is_batch_item": false}
{"id": 289, "name": "RØRSUKKER", "underline": "1 KG. / REMA 1000", "age_limit": null, "hazard_precaution_statements": [], "labels": [{"id": 2, "name": "REMA1000", "image": "https://static-assets.digital.rema1000.dk/product/labels/2-64.webp"}, {"id": 5, "name": "Økologi", "image": "https://static-assets.digital.rema1000.dk/product/labels/5-64.webp"}], "description": null, "info": "", "images": [{"small": "https://rema-product-images.digital.rema1000.dk/90295/1-small-v09gyQpzoA.webp", "medium": "https://rema-product-images.digital.rema1000.dk/90295/1-medium-v09gyQpzoA.webp", "large": "https://rema-product-images.digital.rema1000.dk/90295/1-large-v09gyQpzoA.webp"}], "prices": [{"price": 21.95, "price_over_max_quantity": null, "max_quantity": null, "is_advertised": false, "is_campaign": false, "starting_at": "2023-11-02T00:00:00+00:00", "ending_at": "2099-12-31T00:00:00+00:00", "deposit": null, "compare_unit": "kg", "compare_unit_price": 21.95, "consumption_unit": null, "consumption_quantity": null}], "temperature_zone": null, "is_self_scale_item": false, "is_weight_item": false, "is_available_in_all_stores": true, "is_batch_item": false}
{"id": 290, "name": "PASTA SKRUER", "underline": "500 GR. / REMA 1000", "age_limit": null, "hazard_precaution_statements": [], "labels": [{"id": 2, "name": "REMA1000", "image": "https://static-assets.digital.rema1000.dk/product/labels/2-64.webp"}], "description": null, "info": "", "images": [{"small": "https://rema-product-images.digital.rema1000.dk/90312/1-small-18oXzwnE9k.webp", "medium": "https://rema-product-images.digital.rema1000.dk/90312/1-medium-18oXzwnE9k.webp", "large": "https://rema-product-images.digital.rema1000.dk/90312/1-large-18oXzwnE9k.webp"}], "prices": [{"price": 7.5, "price_over_max_quantity": null, "max_quantity": null, "is_advertised": false, "is_campaign": false, "starting_at": "2025-01-23T00:00:00+00:00", "ending_at": "2099-12-31T00:00:00+00:00", "deposit": null, "compare_unit": "kg", "compare_unit_price": 15, "consumption_unit": null, "consumption_quantity": null}], "temperature_zone": null, "is_self_scale_item": false, "is_weight_item": false, "is_available_in_all_stores": true, "is_batch_item": false}
{"id": 291, "name": "HAVREMEL", "underline": "1.4 KG. / FINMALET", "age_limit": null, "hazard_precaution_statements": [], "labels": [{"id": 2, "name": "REMA1000", "image": "https://static-assets.digital.rema1000.dk/product/labels/2-64.webp"}, {"id": 5, "name": "Økologi", "image": "https://static-assets.digital.rema1000.dk/product/labels/5-64.webp"}, {"id": 6, "name": "Økologi", "image": "https://static-assets.digital.rema1000.dk/product/labels/6-64.webp"}, {"id": 38, "name": "Gluten fri", "image": "https://static-assets.digital.rema1000.dk/product/labels/38-64.webp"}, {"id": 40, "name": "Nøglehul", "image": "https://static-assets.digital.rema1000.dk/product/labels/40-64.webp"}, {"id": 43, "name": "Fuldkorn", "image": "https://static-assets.digital.rema1000.dk/product/labels/43-64.webp"}], "description": "Glutenfri økologisk fuldkornshavremel", "info": "", "images": [{"small": "https://rema-product-images.digital.rema1000.dk/90318/1-small-2B943Yy6qk.webp", "medium": "https://rema-product-images.digital.rema1000.dk/90318/1-medium-2B943Yy6qk.webp", "large": "https://rema-product-images.digital.rema1000.dk/90318/1-large-2B943Yy6qk.webp"}], "prices": [{"price": 29.95, "price_over_max_quantity": null, "max_quantity": null, "is_advertised": false, "is_campaign": false, "starting_at": "2016-06-09T00:00:00+00:00", "ending_at": "2099-12-31T00:00:00+00:00", "deposit": null, "compare_unit": "kg", "compare_unit_price": 21.39, "consumption_unit": null, "consumption_quantity": null}], "temperature_zone": null, "is_self_scale_item": false, "is_weight_item": false, "is_available_in_all_stores": true, "is_batch_item": false}
{"id": 292, "name": "FULDKORNS HVEDEMEL", "underline": "1 KG. / GRAM SLOT", "age_limit": null, "hazard_precaution_statements": [], "labels": [{"id": 5, "name": "Økologi", "image": "https://static-assets.digital.rema1000.dk/product/labels/5-64.webp"}, {"id": 6, "name": "Økologi", "image": "https://static-assets.digital.rema1000.dk/product/labels/6-64.webp"}, {"id": 39, "name": "Gram slot", "image": "https://static-assets.digital.rema1000.dk/product/labels/39-64.webp"}, {"id": 40, "name": "Nøglehul", "image": "https://static-assets.digital.rema1000.dk/product/labels/40-64.webp"}, {"id": 43, "name": "Fuldkorn", "image": "https://static-assets.digital.rema1000.dk/product/labels/43-64.webp"}], "description": "<br /> REMA 1000 er medejer af et af Danmarks største økologiske landbrug, Gram Slot, som dagligt leverer bl.a. økologisk mælk, kartofler, mel og havregryn til REMA 1000s butikker. På Gram Slot er dyrevelfærd i højsædet, ligesom Jorden ved Gram Slot dyrkes med stor respekt og omtanke.<br /> <br /> På Gram Slot dyrker vi selv den hvede, som bruges til melen. Da vi driver vores landbrug økologisk, bruger vi ingen kunstgødning eller sprøjtemidler i vores hvedemarker.<br /> <br /> Vi maler vores hvedemel som i gamle dage på en langsomtgående stenkværn, som er med til at sikre, at melet får en helt særlig struktur. Ligeledes bevares kornets kim og klid samt alle de næringsstoffer som findes i kornet.<br /> <br />", "info": "", "images": [{"small": "https://rema-product-images.digital.rema1000.dk/90326/1-small-kOq3b3Q8o6.webp", "medium": "https://rema-product-images.digital.rema1000.dk/90326/1-medium-kOq3b3Q8o6.webp", "large": "https://rema-product-images.digital.rema1000.dk/90326/1-large-kOq3b3Q8o6.webp"}], "prices": [{"price": 19.95, "price_over_max_quantity": null, "max_quantity": null, "is_advertised": false, "is_campaign": false, "starting_at": "2025-08-01T00:00:00+00:00", "ending_at": "2099-12-31T00:00:00+00:00", "deposit": null, "compare_unit": "kg", "compare_unit_price": 19.95, "consumption_unit": null, "consumption_quantity": null}], "temperature_zone": null, "is_self_scale_item": false, "is_weight_item": false, "is_available_in_all_stores": true, "is_batch_item": false}
{"id": 293, "name": "FULDKORNS SPELTMEL", "underline": "1 KG. / GRAM SLOT", "age_limit": null, "hazard_precaution_statements": [], "labels": [{"id": 5, "name": "Økologi", "image": "https://static-assets.digital.rema1000.dk/product/labels/5-64.webp"}, {"id": 6, "name": "Økologi", "image": "https://static-assets.digital.rema1000.dk/product/labels/6-64.webp"}, {"id": 39, "name": "Gram slot", "image": "https://static-assets.digital.rema1000.dk/product/labels/39-64.webp"}, {"id": 40, "name": "Nøglehul", "image": "https://static-assets.digital.rema1000.dk/product/labels/40-64.webp"}, {"id": 43, "name": "Fuldkorn", "image": "https://static-assets.digital.rema1000.dk/product/labels/43-64.webp"}], "description": "<br /> REMA 1000 er medejer af et af Danmarks største økologiske landbrug, Gram Slot, som dagligt leverer bl.a. økologisk mælk, kartofler, mel og havregryn til REMA 1000s butikker. På Gram Slot er dyrevelfærd i højsædet, ligesom Jorden ved Gram Slot dyrkes med stor respekt og omtanke.<br /> <br /> På Gram Slot dyrker vi selv den spelt som bruges til melen. Da vi driver vores landbrug økologisk, bruger vi ingen kunstgødning eller sprøjtemidler i vores speltmarker. <br /> <br /> Vi maler vores speltmel som i gamle dage på en langsomtgående stenkværn, som er med til at sikre, at melet får en helt særlig struktur. Ligeledes bevares kornets kim og klid samt alle de næringsstoffer som findes i kornet.<br /> <br />", "info": "", "images": [{"small": "https://rema-product-images.digital.rema1000.dk/90327/1-small-OW9OVzG0qg.webp", "medium": "https://rema-product-images.digital.rema1000.dk/90327/1-medium-OW9OVzG0qg.webp", "large": "https://rema-product-images.digital.rema1000.dk/90327/1-large-OW9OVzG0qg.webp"}], "prices": [{"price": 28.95, "price_over_max_quantity": null, "max_quantity": null, "is_advertised": false, "is_campaign": false, "starting_at": "2025-08-01T00:00:00+00:00", "ending_at": "2099-12-31T00:00:00+00:00", "deposit": null, "compare_unit": "kg", "compare_unit_price": 28.95, "consumption_unit": null, "consumption_quantity": null}], "temperature_zone": null, "is_self_scale_item": false, "is_weight_item": false, "is_available_in_all_stores": true, "is_batch_item": false}
{"id": 294, "name": "FULDKORNS RUGMEL", "underline": "1 KG. / GRAM SLOT", "age_limit": null, "hazard_precaution_statements": [], "labels": [{"id": 5, "name": "Økologi", "image": "https://static-assets.digital.rema1000.dk/product/labels/5-64.webp"}, {"id": 6, "name": "Økologi", "image": "https://static-assets.digital.rema1000.dk/product/labels/6-64.webp"}, {"id": 39, "name": "Gram slot", "image": "https://static-assets.digital.rema1000.dk/product/labels/39-64.webp"}, {"id": 40, "name": "Nøglehul", "image": "https://static-assets.digital.rema1000.dk/product/labels/40-64.webp"}, {"id": 43, "name": "Fuldkorn", "image": "https://static-assets.digital.rema1000.dk/product/labels/43-64.webp"}], "description": "<br /> REMA 1000 er medejer af et af Danmarks største økologiske landbrug, Gram Slot, som dagligt leverer bl.a. økologisk mælk, kartofler, mel og havregryn til REMA 1000s butikker. På Gram Slot er dyrevelfærd i højsædet, ligesom Jorden ved Gram Slot dyrkes med stor respekt og omtanke.<br /> <br /> På Gram Slot dyrker vi selv den rug, som bruges til melen. Da vi driver vores landbrug økologisk, bruger vi ingen kunstgødning eller sprøjtemidler i vores rugmarker. <br /> <br /> Vi maler vores rugmel som i gamle dage på en langsomtgående stenkværn, som er med til at sikre, at melet får en helt særlig struktur. Ligeledes bevares kornets kim og klid samt alle de næringsstoffer som findes i kornet.<br /> <br />", "info": "", "images": [{"small": "https://rema-product-images.digital.rema1000.dk/90328/1-small-xyqaj4V89D.webp", "medium": "https://rema-product-images.digital.rema1000.dk/90328/1-medium-xyqaj4V89D.webp", "large": "https://rema-product-images.digital.rema1000.dk/90328/1-large-xyqaj4V89D.webp"}], "prices": [{"price": 19.95, "price_over_max_quantity": null, "max_quantity": null, "is_advertised": false, "is_campaign": false, "starting_at": "2025-08-01T00:00:00+00:00", "ending_at": "2099-12-31T00:00:00+00:00", "deposit": null, "compare_unit": "kg", "compare_unit_price": 19.95, "consumption_unit": null, "consumption_quantity": null}], "temperature_zone": null, "is_self_scale_item": false, "is_weight_item": false, "is_available_in_all_stores": true, "is_batch_item": false}
{"id": 295, "name": "FUSILLI FULDKORN", "underline": "500 GR. / REMA 1000", "age_limit": null, "hazard_precaution_statements": [], "labels": [{"id": 2, "name": "REMA1000", "image": "https://static-assets.digital.rema1000.dk/product/labels/2-64.webp"}, {"id": 5, "name": "Økologi", "image": "https://static-assets.digital.rema1000.dk/product/labels/5-64.webp"}, {"id": 40, "name": "Nøglehul", "image": "https://static-assets.digital.rema1000.dk/product/labels/40-64.webp"}, {"id": 43, "name": "Fuldkorn", "image": "https://static-assets.digital.rema1000.dk/product/labels/43-64.webp"}], "description": null, "info": "", "images": [{"small": "https://rema-product-images.digital.rema1000.dk/90330/1-small-869D762bqM.webp", "medium": "https://rema-product-images.digital.rema1000.dk/90330/1-medium-869D762bqM.webp", "large": "https://rema-product-images.digital.rema1000.dk/90330/1-large-869D762bqM.webp"}], "prices": [{"price": 11.95, "price_over_max_quantity": null, "max_quantity": null, "is_advertised": false, "is_campaign": false, "starting_at": "2022-09-29T00:00:00+00:00", "ending_at": "2099-12-31T00:00:00+00:00", "deposit": null, "compare_unit": "kg", "compare_unit_price": 23.9, "consumption_unit": null, "consumption_quantity": null}], "temperature_zone": null, "is_self_scale_item": false, "is_weight_item": false, "is_available_in_all_stores": true, "is_batch_item": false}
{"id": 296, "name": "ØLANDS HVEDEMEL", "underline": "1 KG. / GRAM SLOT", "age_limit": null, "hazard_precaution_statements": [], "labels": [{"id": 5, "name": "Økologi", "image": "https://static-assets.digital.rema1000.dk/product/labels/5-64.webp"}, {"id": 6, "name": "Økologi", "image": "https://static-assets.digital.rema1000.dk/product/labels/6-64.webp"}, {"id": 39, "name": "Gram slot", "image": "https://static-assets.digital.rema1000.dk/product/labels/39-64.webp"}], "description": "<br /> REMA 1000 er medejer af et af Danmarks største økologiske landbrug, Gram Slot, som dagligt leverer bl.a. økologisk mælk, kartofler, mel og havregryn til REMA 1000s butikker. På Gram Slot er dyrevelfærd i højsædet, ligesom Jorden ved Gram Slot dyrkes med stor respekt og omtanke.<br /> <br /> På Gram Slot dyrker vi selv den ølandshvede, som bruges til melen. Da vi driver vores landbrug økologisk, bruger vi ingen kunstgødning eller sprøjtemidler i vores marker. <br /> <br /> Vi maler vores ølandshvedemel som i gamle dage på en langsomtgående stenkværn, som er med til at sikre, at melet får en helt særlig struktur. Ligeledes bevares kornets kim og klid samt alle de næringsstoffer som findes i kornet.<br /> <br />", "info": "", "images": [{"small": "https://rema-product-images.digital.rema1000.dk/90331/1-small-01q231lv97.webp", "medium": "https://rema-product-images.digital.rema1000.dk/90331/1-medium-01q231lv97.webp", "large": "https://rema-product-images.digital.rema1000.dk/90331/1-large-01q231lv97.webp"}], "prices": [{"price": 25.95, "price_over_max_quantity": null, "max_quantity": null, "is_advertised": false, "is_campaign": false, "starting_at": "2025-08-01T00:00:00+00:00", "ending_at": "2099-12-31T00:00:00+00:00", "deposit": null, "compare_unit": "kg", "compare_unit_price": 25.95, "consumption_unit": null, "consumption_quantity": null}], "temperature_zone": null, "is_self_scale_item": false, "is_weight_item": false, "is_available_in_all_stores": true, "is_batch_item": false}
{"id": 297, "name": "PENNE FULDKORN", "underline": "500 GR. / REMA 1000", "age_limit": null, "hazard_precaution_statements": [], "labels": [{"id": 2, "name": "REMA1000", "image": "https://static-assets.digital.rema1000.dk/product/labels/2-64.webp"}, {"id": 5, "name": "Økologi", "image": "https://static-assets.digital.rema1000.dk/product/labels/5-64.webp"}, {"id": 40, "name": "Nøglehul", "image": "https://static-assets.digital.rema1000.dk/product/labels/40-64.webp"}, {"id": 43, "name": "Fuldkorn", "image": "https://static-assets.digital.rema1000.dk/product/labels/43-64.webp"}], "description": null, "info": "", "images": [{"small": "https://rema-product-images.digital.rema1000.dk/90332/1-small-nDPWJzvp9W.webp", "medium": "https://rema-product-images.digital.rema1000.dk/90332/1-medium-nDPWJzvp9W.webp", "large": "https://rema-product-images.digital.rema1000.dk/90332/1-large-nDPWJzvp9W.webp"}], "prices": [{"price": 11.95, "price_over_max_quantity": null, "max_quantity": null, "is_advertised": false, "is_campaign": false, "starting_at": "2022-09-29T00:00:00+00:00", "ending_at": "2099-12-31T00:00:00+00:00", "deposit": null, "compare_unit": "kg", "compare_unit_price": 23.9, "consumption_unit": null, "consumption_quantity": null}], "temperature_zone": null, "is_self_scale_item": false, "is_weight_item": false, "is_available_in_all_stores": true, "is_batch_item": false}
{"id": 298, "name": "SPAGHETTI FULDKORN", "underline": "500 GR. / REMA 1000", "age_limit": null, "hazard_precaution_statements": [], "labels": [{"id": 2, "name": "REMA1000", "image": "https://static-assets.digital.rema1000.dk/product/labels/2-64.webp"}, {"id": 5, "name": "Økologi", "image": "https://static-assets.digital.rema1000.dk/product/labels/5-64.webp"}, {"id": 40, "name": "Nøglehul", "image": "https://static-assets.digital.rema1000.dk/product/labels/40-64.webp"}, {"id": 43, "name": "Fuldkorn", "image": "https://static-assets.digital.rema1000.dk/product/labels/43-64.webp"}], "description": null, "info": "", "images": [{"small": "https://rema-product-images.digital.rema1000.dk/90335/1-small-Gb9kM68wo7.webp", "medium": "https://rema-product-images.digital.rema1000.dk/90335/1-medium-Gb9kM68wo7.webp", "large": "https://rema-product-images.digital.rema1000.dk/90335/1-large-Gb9kM68wo7.webp"}], "prices": [{"price": 8.95, "price_over_max_quantity": null, "max_quantity": null, "is_advertised": false, "is_campaign": false, "starting_at": "2021-12-09T00:00:00+00:00", "ending_at": "2099-12-31T00:00:00+00:00", "deposit": null, "compare_unit": "kg", "compare_unit_price": 17.9, "consumption_unit": null, "consumption_quantity": null}], "temperature_zone": null, "is_self_scale_item": false, "is_weight_item": false, "is_available_in_all_stores": true, "is_batch_item": false}
{"id": 299, "name": "PENNE RIGATE", "underline": "500 GR. / REMA 1000", "age_limit": null, "hazard_precaution_statements": [], "labels": [{"id": 2, "name": "REMA1000", "image": "https://static-assets.digital.rema1000.dk/product/labels/2-64.webp"}], "description": null, "info": "", "images": [{"small": "https://rema-product-images.digital.rema1000.dk/90346/1-small-kAonlM7G9x.webp", "medium": "https://rema-product-images.digital.rema1000.dk/90346/1-medium-kAonlM7G9x.webp", "large": "https://rema-product-images.digital.rema1000.dk/90346/1-large-kAonlM7G9x.webp"}], "prices": [{"price": 8.5, "price_over_max_quantity": null, "max_quantity": null, "is_advertised": false, "is_campaign": false, "starting_at": "2023-11-30T00:00:00+00:00", "ending_at": "2025-09-13T00:00:00+00:00", "deposit": null, "compare_unit": "kg", "compare_unit_price": 17, "consumption_unit": null, "consumption_quantity": null}], "temperature_zone": null, "is_self_scale_item": false, "is_weight_item": false, "is_available_in_all_stores": true, "is_batch_item": false}
{"id": 300, "name": "FULDK. LASAGNEPLADE", "underline": "500 GR. / REMA 1000", "age_limit": null, "hazard_precaution_statements": [], "labels": [{"id": 2, "name": "REMA1000", "image": "https://static-assets.digital.rema1000.dk/product/labels/2-64.webp"}, {"id": 40, "name": "Nøglehul", "image": "https://static-assets.digital.rema1000.dk/product/labels/40-64.webp"}, {"id": 43, "name": "Fuldkorn", "image": "https://static-assets.digital.rema1000.dk/product/labels/43-64.webp"}], "description": null, "info": "", "images": [{"small": "https://rema-product-images.digital.rema1000.dk/90348/1-small-OJq52aJX9p.webp", "medium": "https://rema-product-images.digital.rema1000.dk/90348/1-medium-OJq52aJX9p.webp", "large": "https://rema-product-images.digital.rema1000.dk/90348/1-large-OJq52aJX9p.webp"}], "prices": [{"price": 16.95, "price_over_max_quantity": null, "max_quantity": null, "is_advertised": false, "is_campaign": false, "starting_at": "2022-12-01T00:00:00+00:00", "ending_at": "2099-12-31T00:00:00+00:00", "deposit": null, "compare_unit": "kg", "compare_unit_price": 33.9, "consumption_unit": null, "consumption_quantity": null}], "temperature_zone": null, "is_self_scale_item": false, "is_weight_item": false, "is_available_in_all_stores": true, "is_batch_item": false}
{"id": 301, "name": "SPAGHETTI", "underline": "1 KG. / REMA 1000", "age_limit": null, "hazard_precaution_statements": [], "labels": [{"id": 2, "name": "REMA1000", "image": "https://static-assets.digital.rema1000.dk/product/labels/2-64.webp"}], "description": null, "info": "", "images": [{"small": "https://rema-product-images.digital.rema1000.dk/90352/1-small-NpP7kOLXPO.webp", "medium": "https://rema-product-images.digital.rema1000.dk/90352/1-medium-NpP7kOLXPO.webp", "large": "https://rema-product-images.digital.rema1000.dk/90352/1-large-NpP7kOLXPO.webp"}], "prices": [{"price": 10.7, "price_over_max_quantity": null, "max_quantity": null, "is_advertised": false, "is_campaign": false, "starting_at": "2024-07-18T00:00:00+00:00", "ending_at": "2099-12-31T00:00:00+00:00", "deposit": null, "compare_unit": "kg", "compare_unit_price": 10.7, "consumption_unit": null, "consumption_quantity": null}], "temperature_zone": null, "is_self_scale_item": false, "is_weight_item": false, "is_available_in_all_stores": true, "is_batch_item": false}
{"id": 302, "name": "SKÅRNE RUGKERNER", "underline": "1 KG. / REMA 1000", "age_limit": null, "hazard_precaution_statements": [], "labels": [{"id": 2, "name": "REMA1000", "image": "https://static-assets.digital.rema1000.dk/product/labels/2-64.webp"}, {"id": 40, "name": "Nøglehul", "image": "https://static-assets.digital.rema1000.dk/product/labels/40-64.webp"}, {"id": 43, "name": "Fuldkorn", "image": "https://static-assets.digital.rema1000.dk/product/labels/43-64.webp"}, {"id": 70, "name": "Dansk", "image": "https://static-assets.digital.rema1000.dk/product/labels/70-64.webp"}], "description": null, "info": "", "images": [{"small": "https://rema-product-images.digital.rema1000.dk/90354/1-small-Al90W3Q7q8.webp", "medium": "https://rema-product-images.digital.rema1000.dk/90354/1-medium-Al90W3Q7q8.webp", "large": "https://rema-product-images.digital.rema1000.dk/90354/1-large-Al90W3Q7q8.webp"}], "prices": [{"price": 12.25, "price_over_max_quantity": null, "max_quantity": null, "is_advertised": false, "is_campaign": false, "starting_at": "2025-06-19T00:00:00+00:00", "ending_at": "2099-12-31T00:00:00+00:00", "deposit": null, "compare_unit": "kg", "compare_unit_price": 12.25, "consumption_unit": null, "consumption_quantity": null}], "temperature_zone": null, "is_self_scale_item": false, "is_weight_item": false, "is_available_in_all_stores": true, "is_batch_item": false}
{"id": 303, "name": "GRAHAMSMEL", "underline": "1 KG. / REMA 1000", "age_limit": null, "hazard_precaution_statements": [], "labels": [{"id": 2, "name": "REMA1000", "image": "https://static-assets.digital.rema1000.dk/product/labels/2-64.webp"}, {"id": 40, "name": "Nøglehul", "image": "https://static-assets.digital.rema1000.dk/product/labels/40-64.webp"}, {"id": 43, "name": "Fuldkorn", "image": "https://static-assets.digital.rema1000.dk/product/labels/43-64.webp"}, {"id": 70, "name": "Dansk", "image": "https://static-assets.digital.rema1000.dk/product/labels/70-64.webp"}], "description": null, "info": "", "images": [{"small": "https://rema-product-images.digital.rema1000.dk/90355/1-small-A5qVz6b1qa.webp", "medium": "https://rema-product-images.digital.rema1000.dk/90355/1-medium-A5qVz6b1qa.webp", "large": "https://rema-product-images.digital.rema1000.dk/90355/1-large-A5qVz6b1qa.webp"}], "prices": [{"price": 12.25, "price_over_max_quantity": null, "max_quantity": null, "is_advertised": false, "is_campaign": false, "starting_at": "2025-06-19T00:00:00+00:00", "ending_at": "2099-12-31T00:00:00+00:00", "deposit": null, "compare_unit": "kg", "compare_unit_price": 12.25, "consumption_unit": null, "consumption_quantity": null}], "temperature_zone": null, "is_self_scale_item": false, "is_weight_item": false, "is_available_in_all_stores": true, "is_batch_item": false}
{"id": 304, "name": "SIGTET SPELTMEL", "underline": "1 KG. / REMA 1000", "age_limit": null, "hazard_precaution_statements": [], "labels": [{"id": 2, "name": "REMA1000", "image": "https://static-assets.digital.rema1000.dk/product/labels/2-64.webp"}, {"id": 70, "name": "Dansk", "image": "https://static-assets.digital.rema1000.dk/product/labels/70-64.webp"}], "description": null, "info": "", "images": [{"small": "https://rema-product-images.digital.rema1000.dk/90356/1-small-18oXzwRE9k.webp", "medium": "https://rema-product-images.digital.rema1000.dk/90356/1-medium-18oXzwRE9k.webp", "large": "https://rema-product-images.digital.rema1000.dk/90356/1-large-18oXzwRE9k.webp"}], "prices": [{"price": 17.95, "price_over_max_quantity": null, "max_quantity": null, "is_advertised": false, "is_campaign": false, "starting_at": "2022-12-01T00:00:00+00:00", "ending_at": "2099-12-31T00:00:00+00:00", "deposit": null, "compare_unit": "kg", "compare_unit_price": 17.95, "consumption_unit": null, "consumption_quantity": null}], "temperature_zone": null, "is_self_scale_item": false, "is_weight_item": false, "is_available_in_all_stores": true, "is_batch_item": false}
{"id": 305, "name": "BUCATINI/MAKARONI", "underline": "500 GR. / REMA 1000", "age_limit": null, "hazard_precaution_statements": [], "labels": [{"id": 2, "name": "REMA1000", "image": "https://static-assets.digital.rema1000.dk/product/labels/2-64.webp"}], "description": null, "info": "", "images": [{"small": "https://rema-product-images.digital.rema1000.dk/90363/1-small-rDq6DKLOPb.webp", "medium": "https://rema-product-images.digital.rema1000.dk/90363/1-medium-rDq6DKLOPb.webp", "large": "https://rema-product-images.digital.rema1000.dk/90363/1-large-rDq6DKLOPb.webp"}], "prices": [{"price": 9.95, "price_over_max_quantity": null, "max_quantity": null, "is_advertised": false, "is_campaign": false, "starting_at": "2022-04-28T00:00:00+00:00", "ending_at": "2025-09-13T00:00:00+00:00", "deposit": null, "compare_unit": "kg", "compare_unit_price": 19.9, "consumption_unit": null, "consumption_quantity": null}], "temperature_zone": null, "is_self_scale_item": false, "is_weight_item": false, "is_available_in_all_stores": true, "is_batch_item": false}
{"id": 306, "name": "FUSILLI TRICOLORE", "underline": "500 GR. / REMA 1000", "age_limit": null, "hazard_precaution_statements": [], "labels": [{"id": 2, "name": "REMA1000", "image": "https://static-assets.digital.rema1000.dk/product/labels/2-64.webp"}], "description": null, "info": "", "images": [{"small": "https://rema-product-images.digital.rema1000.dk/90372/1-small-xyqaj4d89D.webp", "medium": "https://rema-product-images.digital.rema1000.dk/90372/1-medium-xyqaj4d89D.webp", "large": "https://rema-product-images.digital.rema1000.dk/90372/1-large-xyqaj4d89D.webp"}], "prices": [{"price": 10.95, "price_over_max_quantity": null, "max_quantity": null, "is_advertised": false, "is_campaign": false, "starting_at": "2022-12-01T00:00:00+00:00", "ending_at": "2025-09-13T00:00:00+00:00", "deposit": null, "compare_unit": "kg", "compare_unit_price": 21.9, "consumption_unit": null, "consumption_quantity": null}], "temperature_zone": null, "is_self_scale_item": false, "is_weight_item": false, "is_available_in_all_stores": true, "is_batch_item": false}
{"id": 307, "name": "SPAGHETTI ØKOLOGISK", "underline": "500 GR. / REMA 1000", "age_limit": null, "hazard_precaution_statements": [], "labels": [{"id": 2, "name": "REMA1000", "image": "https://static-assets.digital.rema1000.dk/product/labels/2-64.webp"}, {"id": 5, "name": "Økologi", "image": "https://static-assets.digital.rema1000.dk/product/labels/5-64.webp"}], "description": null, "info": "", "images": [{"small": "https://rema-product-images.digital.rema1000.dk/90377/1-small-YLPjL7kLqk.webp", "medium": "https://rema-product-images.digital.rema1000.dk/90377/1-medium-YLPjL7kLqk.webp", "large": "https://rema-product-images.digital.rema1000.dk/90377/1-large-YLPjL7kLqk.webp"}], "prices": [{"price": 8.95, "price_over_max_quantity": null, "max_quantity": null, "is_advertised": false, "is_campaign": false, "starting_at": "2024-07-18T00:00:00+00:00", "ending_at": "2099-12-31T00:00:00+00:00", "deposit": null, "compare_unit": "kg", "compare_unit_price": 17.9, "consumption_unit": null, "consumption_quantity": null}], "temperature_zone": null, "is_self_scale_item": false, "is_weight_item": false, "is_available_in_all_stores": true, "is_batch_item": false}
{"id": 308, "name": "HAVREKLID", "underline": "750 GR. / VALSEMØLLEN", "age_limit": null, "hazard_precaution_statements": [], "labels": [{"id": 40, "name": "Nøglehul", "image": "https://static-assets.digital.rema1000.dk/product/labels/40-64.webp"}], "description": null, "info": "", "images": [{"small": "https://rema-product-images.digital.rema1000.dk/90402/1-small-kAonlME09x.webp", "medium": "https://rema-product-images.digital.rema1000.dk/90402/1-medium-kAonlME09x.webp", "large": "https://rema-product-images.digital.rema1000.dk/90402/1-large-kAonlME09x.webp"}], "prices": [{"price": 21.95, "price_over_max_quantity": null, "max_quantity": null, "is_advertised": false, "is_campaign": false, "starting_at": "2022-12-01T00:00:00+00:00", "ending_at": "2099-12-31T00:00:00+00:00", "deposit": null, "compare_unit": "kg", "compare_unit_price": 29.27, "consumption_unit": null, "consumption_quantity": null}], "temperature_zone": null, "is_self_scale_item": false, "is_weight_item": false, "is_available_in_all_stores": true, "is_batch_item": false}
{"id": 309, "name": "MELMIX", "underline": "900 GR. / FINAX", "age_limit": null, "hazard_precaution_statements": [], "labels": [{"id": 38, "name": "Gluten fri", "image": "https://static-assets.digital.rema1000.dk/product/labels/38-64.webp"}], "description": "Glutenfri basismelmix som kan erstatte almindeligt hvedemel. Du kan anvende Melmix til alt fra brød og kager til pizzadej og sovse jævning", "info": "", "images": [{"small": "https://rema-product-images.digital.rema1000.dk/90405/1-small-xQq8gYZLoZ.webp", "medium": "https://rema-product-images.digital.rema1000.dk/90405/1-medium-xQq8gYZLoZ.webp", "large": "https://rema-product-images.digital.rema1000.dk/90405/1-large-xQq8gYZLoZ.webp"}], "prices": [{"price": 37.95, "price_over_max_quantity": null, "max_quantity": null, "is_advertised": false, "is_campaign": false, "starting_at": "2022-07-07T00:00:00+00:00", "ending_at": "2099-12-31T00:00:00+00:00", "deposit": null, "compare_unit": "kg", "compare_unit_price": 42.17, "consumption_unit": null, "consumption_quantity": null}], "temperature_zone": null, "is_self_scale_item": false, "is_weight_item": false, "is_available_in_all_stores": false, "is_batch_item": false}
{"id": 310, "name": "FIBERBRØDMIX", "underline": "1 KG. / FINAX", "age_limit": null, "hazard_precaution_statements": [], "labels": [{"id": 38, "name": "Gluten fri", "image": "https://static-assets.digital.rema1000.dk/product/labels/38-64.webp"}], "description": null, "info": "", "images": [{"small": "https://rema-product-images.digital.rema1000.dk/90406/1-small-vVoryQkkP3.webp", "medium": "https://rema-product-images.digital.rema1000.dk/90406/1-medium-vVoryQkkP3.webp", "large": "https://rema-product-images.digital.rema1000.dk/90406/1-large-vVoryQkkP3.webp"}], "prices": [{"price": 44.95, "price_over_max_quantity": null, "max_quantity": null, "is_advertised": false, "is_campaign": false, "starting_at": "2022-12-01T00:00:00+00:00", "ending_at": "2099-12-31T00:00:00+00:00", "deposit": null, "compare_unit": "kg", "compare_unit_price": 44.95, "consumption_unit": null, "consumption_quantity": null}], "temperature_zone": null, "is_self_scale_item": false, "is_weight_item": false, "is_available_in_all_stores": false, "is_batch_item": false}
{"id": 311, "name": "CHOKOLADEKAGE", "underline": "400 GR. / MELBLANDING", "age_limit": null, "hazard_precaution_statements": [], "labels": [{"id": 2, "name": "REMA1000", "image": "https://static-assets.digital.rema1000.dk/product/labels/2-64.webp"}, {"id": 38, "name": "Gluten fri", "image": "https://static-assets.digital.rema1000.dk/product/labels/38-64.webp"}], "description": null, "info": "", "images": [{"small": "https://rema-product-images.digital.rema1000.dk/90430/1-small-869D76k3qM.webp", "medium": "https://rema-product-images.digital.rema1000.dk/90430/1-medium-869D76k3qM.webp", "large": "https://rema-product-images.digital.rema1000.dk/90430/1-large-869D76k3qM.webp"}], "prices": [{"price": 25, "price_over_max_quantity": null, "max_quantity": null, "is_advertised": false, "is_campaign": false, "starting_at": "2022-04-07T00:00:00+00:00", "ending_at": "2099-12-31T00:00:00+00:00", "deposit": null, "compare_unit": "kg", "compare_unit_price": 62.5, "consumption_unit": null, "consumption_quantity": null}], "temperature_zone": null, "is_self_scale_item": false, "is_weight_item": false, "is_available_in_all_stores": false, "is_batch_item": false}
{"id": 312, "name": "FULDKORNSNUDLER", "underline": "250 GR. / REMA 1000", "age_limit": null, "hazard_precaution_statements": [], "labels": [{"id": 2, "name": "REMA1000", "image": "https://static-assets.digital.rema1000.dk/product/labels/2-64.webp"}, {"id": 40, "name": "Nøglehul", "image": "https://static-assets.digital.rema1000.dk/product/labels/40-64.webp"}, {"id": 43, "name": "Fuldkorn", "image": "https://static-assets.digital.rema1000.dk/product/labels/43-64.webp"}], "description": null, "info": "", "images": [{"small": "https://rema-product-images.digital.rema1000.dk/90445/1-small-ElPB16kb9k.webp", "medium": "https://rema-product-images.digital.rema1000.dk/90445/1-medium-ElPB16kb9k.webp", "large": "https://rema-product-images.digital.rema1000.dk/90445/1-large-ElPB16kb9k.webp"}], "prices": [{"price": 7.95, "price_over_max_quantity": null, "max_quantity": null, "is_advertised": false, "is_campaign": false, "starting_at": "2024-07-18T00:00:00+00:00", "ending_at": "2099-12-31T00:00:00+00:00", "deposit": null, "compare_unit": "kg", "compare_unit_price": 31.8, "consumption_unit": null, "consumption_quantity": null}], "temperature_zone": null, "is_self_scale_item": false, "is_weight_item": false, "is_available_in_all_stores": true, "is_batch_item": false}
{"id": 313, "name": "DURUM SEMOLINAMEL", "underline": "1 KG. / CUCINA", "age_limit": null, "hazard_precaution_statements": [], "labels": [], "description": null, "info": "", "images": [{"small": "https://rema-product-images.digital.rema1000.dk/90464/1-small-AKqebLZj9p.webp", "medium": "https://rema-product-images.digital.rema1000.dk/90464/1-medium-AKqebLZj9p.webp", "large": "https://rema-product-images.digital.rema1000.dk/90464/1-large-AKqebLZj9p.webp"}], "prices": [{"price": 17.95, "price_over_max_quantity": null, "max_quantity": null, "is_advertised": false, "is_campaign": false, "starting_at": "2023-08-31T00:00:00+00:00", "ending_at": "2099-12-31T00:00:00+00:00", "deposit": null, "compare_unit": "kg", "compare_unit_price": 17.95, "consumption_unit": null, "consumption_quantity": null}], "temperature_zone": null, "is_self_scale_item": false, "is_weight_item": false, "is_available_in_all_stores": true, "is_batch_item": false}
{"id": 314, "name": "PIZZAMEL TIPO 00", "underline": "1 KG. / CUCINA", "age_limit": null, "hazard_precaution_statements": [], "labels": [], "description": null, "info": "", "images": [{"small": "https://rema-product-images.digital.rema1000.dk/90466/1-small-pyozdpXp9X.webp", "medium": "https://rema-product-images.digital.rema1000.dk/90466/1-medium-pyozdpXp9X.webp", "large": "https://rema-product-images.digital.rema1000.dk/90466/1-large-pyozdpXp9X.webp"}], "prices": [{"price": 14.95, "price_over_max_quantity": null, "max_quantity": null, "is_advertised": false, "is_campaign": false, "starting_at": "2025-06-19T00:00:00+00:00", "ending_at": "2099-12-31T00:00:00+00:00", "deposit": null, "compare_unit": "kg", "compare_unit_price": 14.95, "consumption_unit": null, "consumption_quantity": null}], "temperature_zone": null, "is_self_scale_item": false, "is_weight_item": false, "is_available_in_all_stores": true, "is_batch_item": false}
{"id": 315, "name": "TØRRET TIMIAN", "underline": "30 GR. / REMA 1000", "age_limit": null, "hazard_precaution_statements": [], "labels": [{"id": 2, "name": "REMA1000", "image": "https://static-assets.digital.rema1000.dk/product/labels/2-64.webp"}], "description": null, "info": "", "images": [{"small": "https://rema-product-images.digital.rema1000.dk/90481/1-small-JzPJnvNbPk.webp", "medium": "https://rema-product-images.digital.rema1000.dk/90481/1-medium-JzPJnvNbPk.webp", "large": "https://rema-product-images.digital.rema1000.dk/90481/1-large-JzPJnvNbPk.webp"}], "prices": [{"price": 7.4, "price_over_max_quantity": null, "max_quantity": null, "is_advertised": false, "is_campaign": false, "starting_at": "2025-06-19T00:00:00+00:00", "ending_at": "2099-12-31T00:00:00+00:00", "deposit": null, "compare_unit": "kg", "compare_unit_price": 246.67, "consumption_unit": null, "consumption_quantity": null}], "temperature_zone": null, "is_self_scale_item": false, "is_weight_item": false, "is_available_in_all_stores": true, "is_batch_item": false}
{"id": 316, "name": "VANILJESTÆNGER", "underline": "5 GR. / REMA 1000", "age_limit": null, "hazard_precaution_statements": [], "labels": [{"id": 2, "name": "REMA1000", "image": "https://static-assets.digital.rema1000.dk/product/labels/2-64.webp"}], "description": null, "info": "", "images": [{"small": "https://rema-product-images.digital.rema1000.dk/90504/1-small-OJq52aNB9p.webp", "medium": "https://rema-product-images.digital.rema1000.dk/90504/1-medium-OJq52aNB9p.webp", "large": "https://rema-product-images.digital.rema1000.dk/90504/1-large-OJq52aNB9p.webp"}], "prices": [{"price": 25, "price_over_max_quantity": null, "max_quantity": null, "is_advertised": false, "is_campaign": false, "starting_at": "2024-11-28T00:00:00+00:00", "ending_at": "2099-12-31T00:00:00+00:00", "deposit": null, "compare_unit": "kg", "compare_unit_price": 5000, "consumption_unit": null, "consumption_quantity": null}], "temperature_zone": null, "is_self_scale_item": false, "is_weight_item": false, "is_available_in_all_stores": true, "is_batch_item": false}
{"id": 317, "name": "LANGK. ØKO JASMINRIS", "underline": "1 KG. / REMA 1000", "age_limit": null, "hazard_precaution_statements": [], "labels": [{"id": 2, "name": "REMA1000", "image": "https://static-assets.digital.rema1000.dk/product/labels/2-64.webp"}, {"id": 5, "name": "Økologi", "image": "https://static-assets.digital.rema1000.dk/product/labels/5-64.webp"}], "description": null, "info": "", "images": [{"small": "https://rema-product-images.digital.rema1000.dk/90507/1-small-v09gyQ1GoA.webp", "medium": "https://rema-product-images.digital.rema1000.dk/90507/1-medium-v09gyQ1GoA.webp", "large": "https://rema-product-images.digital.rema1000.dk/90507/1-large-v09gyQ1GoA.webp"}], "prices": [{"price": 21.95, "price_over_max_quantity": null, "max_quantity": null, "is_advertised": false, "is_campaign": false, "starting_at": "2024-07-18T00:00:00+00:00", "ending_at": "2099-12-31T00:00:00+00:00", "deposit": null, "compare_unit": "kg", "compare_unit_price": 21.95, "consumption_unit": null, "consumption_quantity": null}], "temperature_zone": null, "is_self_scale_item": false, "is_weight_item": false, "is_available_in_all_stores": true, "is_batch_item": false}
{"id": 318, "name": "GLUTENFRIE ØKO LASAGNEPLADER", "underline": "250 GR. / REMA 1000", "age_limit": null, "hazard_precaution_statements": [], "labels": [{"id": 2, "name": "REMA1000", "image": "https://static-assets.digital.rema1000.dk/product/labels/2-64.webp"}, {"id": 5, "name": "Økologi", "image": "https://static-assets.digital.rema1000.dk/product/labels/5-64.webp"}, {"id": 38, "name": "Gluten fri", "image": "https://static-assets.digital.rema1000.dk/product/labels/38-64.webp"}], "description": null, "info": "", "images": [{"small": "https://rema-product-images.digital.rema1000.dk/90509/1-small-aboK8MJ8qp.webp", "medium": "https://rema-product-images.digital.rema1000.dk/90509/1-medium-aboK8MJ8qp.webp", "large": "https://rema-product-images.digital.rema1000.dk/90509/1-large-aboK8MJ8qp.webp"}], "prices": [{"price": 16.3, "price_over_max_quantity": null, "max_quantity": null, "is_advertised": false, "is_campaign": false, "starting_at": "2024-07-18T00:00:00+00:00", "ending_at": "2099-12-31T00:00:00+00:00", "deposit": null, "compare_unit": "kg", "compare_unit_price": 65.2, "consumption_unit": null, "consumption_quantity": null}], "temperature_zone": null, "is_self_scale_item": false, "is_weight_item": false, "is_available_in_all_stores": true, "is_batch_item": false}
{"id": 319, "name": "RISNUDLER", "underline": "200 GR. / REMA 1000", "age_limit": null, "hazard_precaution_statements": [], "labels": [{"id": 2, "name": "REMA1000", "image": "https://static-assets.digital.rema1000.dk/product/labels/2-64.webp"}], "description": null, "info": "", "images": [{"small": "https://rema-product-images.digital.rema1000.dk/90511/1-small-A5qVz6Jyqa.webp", "medium": "https://rema-product-images.digital.rema1000.dk/90511/1-medium-A5qVz6Jyqa.webp", "large": "https://rema-product-images.digital.rema1000.dk/90511/1-large-A5qVz6Jyqa.webp"}], "prices": [{"price": 10, "price_over_max_quantity": null, "max_quantity": null, "is_advertised": false, "is_campaign": false, "starting_at": "2022-03-04T00:00:00+00:00", "ending_at": "2099-12-31T00:00:00+00:00", "deposit": null, "compare_unit": "kg", "compare_unit_price": 50, "consumption_unit": null, "consumption_quantity": null}], "temperature_zone": null, "is_self_scale_item": false, "is_weight_item": false, "is_available_in_all_stores": true, "is_batch_item": false}
{"id": 320, "name": "ØKO. AHORNSIRUP", "underline": "250 ML. / REMA 1000", "age_limit": null, "hazard_precaution_statements": [], "labels": [{"id": 2, "name": "REMA1000", "image": "https://static-assets.digital.rema1000.dk/product/labels/2-64.webp"}, {"id": 5, "name": "Økologi", "image": "https://static-assets.digital.rema1000.dk/product/labels/5-64.webp"}], "description": null, "info": "", "images": [{"small": "https://rema-product-images.digital.rema1000.dk/90513/1-small-wyPbj0VLPE.webp", "medium": "https://rema-product-images.digital.rema1000.dk/90513/1-medium-wyPbj0VLPE.webp", "large": "https://rema-product-images.digital.rema1000.dk/90513/1-large-wyPbj0VLPE.webp"}], "prices": [{"price": 42.95, "price_over_max_quantity": null, "max_quantity": null, "is_advertised": false, "is_campaign": false, "starting_at": "2023-01-05T00:00:00+00:00", "ending_at": "2099-12-31T00:00:00+00:00", "deposit": null, "compare_unit": "ltr", "compare_unit_price": 171.8, "consumption_unit": null, "consumption_quantity": null}], "temperature_zone": null, "is_self_scale_item": false, "is_weight_item": false, "is_available_in_all_stores": true, "is_batch_item": false}
{"id": 321, "name": "SOLSIKKE RUGBRØDSBLA", "underline": "1 KG. / AMO", "age_limit": null, "hazard_precaution_statements": [], "labels": [{"id": 40, "name": "Nøglehul", "image": "https://static-assets.digital.rema1000.dk/product/labels/40-64.webp"}, {"id": 43, "name": "Fuldkorn", "image": "https://static-assets.digital.rema1000.dk/product/labels/43-64.webp"}], "description": "Nærings deklaration er pr. ikke tilberedt rugbrød", "info": "", "images": [{"small": "https://rema-product-images.digital.rema1000.dk/90515/1-small-KpqRrjJ0qL.webp", "medium": "https://rema-product-images.digital.rema1000.dk/90515/1-medium-KpqRrjJ0qL.webp", "large": "https://rema-product-images.digital.rema1000.dk/90515/1-large-KpqRrjJ0qL.webp"}], "prices": [{"price": 22.95, "price_over_max_quantity": null, "max_quantity": null, "is_advertised": false, "is_campaign": false, "starting_at": "2023-11-16T00:00:00+00:00", "ending_at": "2099-12-31T00:00:00+00:00", "deposit": null, "compare_unit": "kg", "compare_unit_price": 22.95, "consumption_unit": null, "consumption_quantity": null}], "temperature_zone": null, "is_self_scale_item": false, "is_weight_item": false, "is_available_in_all_stores": true, "is_batch_item": false}
{"id": 322, "name": "POLEREDE SPELTKERNER", "underline": "400 GR. / GRAM SLOT", "age_limit": null, "hazard_precaution_statements": [], "labels": [{"id": 5, "name": "Økologi", "image": "https://static-assets.digital.rema1000.dk/product/labels/5-64.webp"}, {"id": 6, "name": "Økologi", "image": "https://static-assets.digital.rema1000.dk/product/labels/6-64.webp"}], "description": null, "info": "", "images": [{"small": "https://rema-product-images.digital.rema1000.dk/90518/1-small-2B943Y2vqk.webp", "medium": "https://rema-product-images.digital.rema1000.dk/90518/1-medium-2B943Y2vqk.webp", "large": "https://rema-product-images.digital.rema1000.dk/90518/1-large-2B943Y2vqk.webp"}], "prices": [{"price": 18.95, "price_over_max_quantity": null, "max_quantity": null, "is_advertised": false, "is_campaign": false, "starting_at": "2025-08-01T00:00:00+00:00", "ending_at": "2099-12-31T00:00:00+00:00", "deposit": null, "compare_unit": "kg", "compare_unit_price": 47.38, "consumption_unit": null, "consumption_quantity": null}], "temperature_zone": null, "is_self_scale_item": false, "is_weight_item": false, "is_available_in_all_stores": true, "is_batch_item": false}
{"id": 323, "name": "GF BURGER BOLLER", "underline": "250 GR. / REMA 1000", "age_limit": null, "hazard_precaution_statements": [], "labels": [{"id": 2, "name": "REMA1000", "image": "https://static-assets.digital.rema1000.dk/product/labels/2-64.webp"}, {"id": 38, "name": "Gluten fri", "image": "https://static-assets.digital.rema1000.dk/product/labels/38-64.webp"}], "description": null, "info": "", "images": [{"small": "https://rema-product-images.digital.rema1000.dk/90534/1-small-yLqGajEGPd.webp", "medium": "https://rema-product-images.digital.rema1000.dk/90534/1-medium-yLqGajEGPd.webp", "large": "https://rema-product-images.digital.rema1000.dk/90534/1-large-yLqGajEGPd.webp"}], "prices": [{"price": 25, "price_over_max_quantity": null, "max_quantity": null, "is_advertised": false, "is_campaign": false, "starting_at": "2022-08-10T00:00:00+00:00", "ending_at": "2099-12-31T00:00:00+00:00", "deposit": null, "compare_unit": "kg", "compare_unit_price": 100, "consumption_unit": null, "consumption_quantity": null}], "temperature_zone": null, "is_self_scale_item": false, "is_weight_item": false, "is_available_in_all_stores": true, "is_batch_item": false}
{"id": 324, "name": "STENALDERBRØDS BLD", "underline": "500 GR. / KNASERIET", "age_limit": null, "hazard_precaution_statements": [], "labels": [{"id": 38, "name": "Gluten fri", "image": "https://static-assets.digital.rema1000.dk/product/labels/38-64.webp"}], "description": null, "info": "", "images": [{"small": "https://rema-product-images.digital.rema1000.dk/90602/1-small-kAonlMpB9x.webp", "medium": "https://rema-product-images.digital.rema1000.dk/90602/1-medium-kAonlMpB9x.webp", "large": "https://rema-product-images.digital.rema1000.dk/90602/1-large-kAonlMpB9x.webp"}], "prices": [{"price": 27.95, "price_over_max_quantity": null, "max_quantity": null, "is_advertised": false, "is_campaign": false, "starting_at": "2023-02-09T00:00:00+00:00", "ending_at": "2099-12-31T00:00:00+00:00", "deposit": null, "compare_unit": "kg", "compare_unit_price": 55.9, "consumption_unit": null, "consumption_quantity": null}], "temperature_zone": null, "is_self_scale_item": false, "is_weight_item": false, "is_available_in_all_stores": true, "is_batch_item": false}
{"id": 325, "name": "RISOTTORIS NATUREL", "underline": "500 GR. / CUCINA", "age_limit": null, "hazard_precaution_statements": [], "labels": [], "description": null, "info": "", "images": [{"small": "https://rema-product-images.digital.rema1000.dk/90632/1-small-nDPWJzxg9W.webp", "medium": "https://rema-product-images.digital.rema1000.dk/90632/1-medium-nDPWJzxg9W.webp", "large": "https://rema-product-images.digital.rema1000.dk/90632/1-large-nDPWJzxg9W.webp"}], "prices": [{"price": 22.95, "price_over_max_quantity": null, "max_quantity": null, "is_advertised": false, "is_campaign": false, "starting_at": "2023-01-02T00:00:00+00:00", "ending_at": "2099-12-31T00:00:00+00:00", "deposit": null, "compare_unit": "kg", "compare_unit_price": 45.9, "consumption_unit": null, "consumption_quantity": null}], "temperature_zone": null, "is_self_scale_item": false, "is_weight_item": false, "is_available_in_all_stores": true, "is_batch_item": false}
{"id": 326, "name": "GRØDRIS", "underline": "1 KG. / REMA1000", "age_limit": null, "hazard_precaution_statements": [], "labels": [{"id": 2, "name": "REMA1000", "image": "https://static-assets.digital.rema1000.dk/product/labels/2-64.webp"}], "description": null, "info": "", "images": [{"small": "https://rema-product-images.digital.rema1000.dk/90694/1-small-vVoryQZ4P3.webp", "medium": "https://rema-product-images.digital.rema1000.dk/90694/1-medium-vVoryQZ4P3.webp", "large": "https://rema-product-images.digital.rema1000.dk/90694/1-large-vVoryQZ4P3.webp"}], "prices": [{"price": 12.95, "price_over_max_quantity": null, "max_quantity": null, "is_advertised": false, "is_campaign": false, "starting_at": "2024-07-18T00:00:00+00:00", "ending_at": "2099-12-31T00:00:00+00:00", "deposit": null, "compare_unit": "kg", "compare_unit_price": 12.95, "consumption_unit": null, "consumption_quantity": null}], "temperature_zone": null, "is_self_scale_item": false, "is_weight_item": false, "is_available_in_all_stores": true, "is_batch_item": false}
{"id": 327, "name": "GROVTÆRTE", "underline": "300 GR. / AMO", "age_limit": null, "hazard_precaution_statements": [], "labels": [{"id": 9001, "name": "Avisvare", "image": "https://static-assets.digital.rema1000.dk/product/labels/9001-64.webp"}], "description": null, "info": "", "images": [{"small": "https://rema-product-images.digital.rema1000.dk/90710/1-small-Al90W32Gq8.webp", "medium": "https://rema-product-images.digital.rema1000.dk/90710/1-medium-Al90W32Gq8.webp", "large": "https://rema-product-images.digital.rema1000.dk/90710/1-large-Al90W32Gq8.webp"}], "prices": [{"price": 15, "price_over_max_quantity": null, "max_quantity": null, "is_advertised": true, "is_campaign": false, "starting_at": "2025-08-17T00:00:00+00:00", "ending_at": "2025-11-15T00:00:00+00:00", "deposit": null, "compare_unit": "kg", "compare_unit_price": 50, "consumption_unit": null, "consumption_quantity": null}], "temperature_zone": null, "is_self_scale_item": false, "is_weight_item": false, "is_available_in_all_stores": true, "is_batch_item": true}
{"id": 328, "name": "HVERDAG FØDSELSDAGSBOLLER", "underline": "750 GR. / VALSEMØLLEN", "age_limit": null, "hazard_precaution_statements": [], "labels": [], "description": null, "info": "", "images": [{"small": "https://rema-product-images.digital.rema1000.dk/90727/1-small-OW9OVz1xqg.webp", "medium": "https://rema-product-images.digital.rema1000.dk/90727/1-medium-OW9OVz1xqg.webp", "large": "https://rema-product-images.digital.rema1000.dk/90727/1-large-OW9OVz1xqg.webp"}], "prices": [{"price": 15, "price_over_max_quantity": null, "max_quantity": null, "is_advertised": false, "is_campaign": false, "starting_at": "2023-02-28T00:00:00+00:00", "ending_at": "2099-12-31T00:00:00+00:00", "deposit": null, "compare_unit": "kg", "compare_unit_price": 20, "consumption_unit": null, "consumption_quantity": null}], "temperature_zone": null, "is_self_scale_item": false, "is_weight_item": false, "is_available_in_all_stores": true, "is_batch_item": false}
{"id": 329, "name": "PIZZA", "underline": "300 GR. / AMO", "age_limit": null, "hazard_precaution_statements": [], "labels": [{"id": 9001, "name": "Avisvare", "image": "https://static-assets.digital.rema1000.dk/product/labels/9001-64.webp"}], "description": null, "info": "", "images": [{"small": "https://rema-product-images.digital.rema1000.dk/90732/1-small-nDPWJzMV9W.webp", "medium": "https://rema-product-images.digital.rema1000.dk/90732/1-medium-nDPWJzMV9W.webp", "large": "https://rema-product-images.digital.rema1000.dk/90732/1-large-nDPWJzMV9W.webp"}], "prices": [{"price": 15, "price_over_max_quantity": null, "max_quantity": null, "is_advertised": true, "is_campaign": false, "starting_at": "2025-08-17T00:00:00+00:00", "ending_at": "2025-11-15T00:00:00+00:00", "deposit": null, "compare_unit": "kg", "compare_unit_price": 50, "consumption_unit": null, "consumption_quantity": null}], "temperature_zone": null, "is_self_scale_item": false, "is_weight_item": false, "is_available_in_all_stores": true, "is_batch_item": true}
{"id": 330, "name": "BOLLER", "underline": "310 GR. / AMO", "age_limit": null, "hazard_precaution_statements": [], "labels": [{"id": 9001, "name": "Avisvare", "image": "https://static-assets.digital.rema1000.dk/product/labels/9001-64.webp"}], "description": null, "info": "", "images": [{"small": "https://rema-product-images.digital.rema1000.dk/90733/1-small-YLPjL7zAqk.webp", "medium": "https://rema-product-images.digital.rema1000.dk/90733/1-medium-YLPjL7zAqk.webp", "large": "https://rema-product-images.digital.rema1000.dk/90733/1-large-YLPjL7zAqk.webp"}], "prices": [{"price": 15, "price_over_max_quantity": null, "max_quantity": null, "is_advertised": true, "is_campaign": false, "starting_at": "2025-08-17T00:00:00+00:00", "ending_at": "2025-11-15T00:00:00+00:00", "deposit": null, "compare_unit": "kg", "compare_unit_price": 48.39, "consumption_unit": null, "consumption_quantity": null}], "temperature_zone": null, "is_self_scale_item": false, "is_weight_item": false, "is_available_in_all_stores": true, "is_batch_item": true}
{"id": 331, "name": "PANDEKAGER", "underline": "320 GR. / AMO", "age_limit": null, "hazard_precaution_statements": [], "labels": [{"id": 9001, "name": "Avisvare", "image": "https://static-assets.digital.rema1000.dk/product/labels/9001-64.webp"}], "description": null, "info": "", "images": [{"small": "https://rema-product-images.digital.rema1000.dk/90734/1-small-yLqGaj15Pd.webp", "medium": "https://rema-product-images.digital.rema1000.dk/90734/1-medium-yLqGaj15Pd.webp", "large": "https://rema-product-images.digital.rema1000.dk/90734/1-large-yLqGaj15Pd.webp"}], "prices": [{"price": 15, "price_over_max_quantity": null, "max_quantity": null, "is_advertised": true, "is_campaign": false, "starting_at": "2025-08-17T00:00:00+00:00", "ending_at": "2025-11-15T00:00:00+00:00", "deposit": null, "compare_unit": "kg", "compare_unit_price": 46.88, "consumption_unit": null, "consumption_quantity": null}], "temperature_zone": null, "is_self_scale_item": false, "is_weight_item": false, "is_available_in_all_stores": true, "is_batch_item": true}
{"id": 332, "name": "SUPPEHORN", "underline": "500 GR. / REMA 1000", "age_limit": null, "hazard_precaution_statements": [], "labels": [{"id": 2, "name": "REMA1000", "image": "https://static-assets.digital.rema1000.dk/product/labels/2-64.webp"}], "description": null, "info": "", "images": [{"small": "https://rema-product-images.digital.rema1000.dk/90814/1-small-3Movlw0m9A.webp", "medium": "https://rema-product-images.digital.rema1000.dk/90814/1-medium-3Movlw0m9A.webp", "large": "https://rema-product-images.digital.rema1000.dk/90814/1-large-3Movlw0m9A.webp"}], "prices": [{"price": 9.5, "price_over_max_quantity": null, "max_quantity": null, "is_advertised": false, "is_campaign": false, "starting_at": "2023-10-19T00:00:00+00:00", "ending_at": "2025-09-13T00:00:00+00:00", "deposit": null, "compare_unit": "kg", "compare_unit_price": 19, "consumption_unit": null, "consumption_quantity": null}], "temperature_zone": null, "is_self_scale_item": false, "is_weight_item": false, "is_available_in_all_stores": true, "is_batch_item": false}
{"id": 333, "name": "PANDEKAGE SHAKER", "underline": "215 GR. / AMO, AMERIKANSKE", "age_limit": null, "hazard_precaution_statements": [], "labels": [{"id": 9001, "name": "Avisvare", "image": "https://static-assets.digital.rema1000.dk/product/labels/9001-64.webp"}], "description": null, "info": "", "images": [{"small": "https://rema-product-images.digital.rema1000.dk/90822/1-small-pyozdpD39X.webp", "medium": "https://rema-product-images.digital.rema1000.dk/90822/1-medium-pyozdpD39X.webp", "large": "https://rema-product-images.digital.rema1000.dk/90822/1-large-pyozdpD39X.webp"}], "prices": [{"price": 15, "price_over_max_quantity": null, "max_quantity": null, "is_advertised": true, "is_campaign": false, "starting_at": "2025-08-17T00:00:00+00:00", "ending_at": "2025-10-15T00:00:00+00:00", "deposit": null, "compare_unit": "kg", "compare_unit_price": 69.77, "consumption_unit": null, "consumption_quantity": null}], "temperature_zone": null, "is_self_scale_item": false, "is_weight_item": false, "is_available_in_all_stores": true, "is_batch_item": true}
{"id": 334, "name": "PANDEKAGE/VAFLER", "underline": "200 GR. / AMO", "age_limit": null, "hazard_precaution_statements": [], "labels": [{"id": 9001, "name": "Avisvare", "image": "https://static-assets.digital.rema1000.dk/product/labels/9001-64.webp"}], "description": null, "info": "", "images": [{"small": "https://rema-product-images.digital.rema1000.dk/90823/1-small-MNqZnzNlqA.webp", "medium": "https://rema-product-images.digital.rema1000.dk/90823/1-medium-MNqZnzNlqA.webp", "large": "https://rema-product-images.digital.rema1000.dk/90823/1-large-MNqZnzNlqA.webp"}], "prices": [{"price": 15, "price_over_max_quantity": null, "max_quantity": null, "is_advertised": true, "is_campaign": false, "starting_at": "2025-08-17T00:00:00+00:00", "ending_at": "2025-10-15T00:00:00+00:00", "deposit": null, "compare_unit": "kg", "compare_unit_price": 75, "consumption_unit": null, "consumption_quantity": null}], "temperature_zone": null, "is_self_scale_item": false, "is_weight_item": false, "is_available_in_all_stores": true, "is_batch_item": true}
{"id": 335, "name": "BAGE HVEDEMEL", "underline": "2 KG. / REMA 1000", "age_limit": null, "hazard_precaution_statements": [], "labels": [{"id": 2, "name": "REMA1000", "image": "https://static-assets.digital.rema1000.dk/product/labels/2-64.webp"}, {"id": 70, "name": "Dansk", "image": "https://static-assets.digital.rema1000.dk/product/labels/70-64.webp"}], "description": null, "info": "", "images": [{"small": "https://rema-product-images.digital.rema1000.dk/90849/1-small-xQq8gY5JoZ.webp", "medium": "https://rema-product-images.digital.rema1000.dk/90849/1-medium-xQq8gY5JoZ.webp", "large": "https://rema-product-images.digital.rema1000.dk/90849/1-large-xQq8gY5JoZ.webp"}], "prices": [{"price": 16.95, "price_over_max_quantity": null, "max_quantity": null, "is_advertised": false, "is_campaign": false, "starting_at": "2022-11-17T00:00:00+00:00", "ending_at": "2099-12-31T00:00:00+00:00", "deposit": null, "compare_unit": "kg", "compare_unit_price": 8.48, "consumption_unit": null, "consumption_quantity": null}], "temperature_zone": null, "is_self_scale_item": false, "is_weight_item": false, "is_available_in_all_stores": true, "is_batch_item": false}
{"id": 336, "name": "KARRY PULVER", "underline": "90 GR. / REMA 1000", "age_limit": null, "hazard_precaution_statements": [], "labels": [{"id": 2, "name": "REMA1000", "image": "https://static-assets.digital.rema1000.dk/product/labels/2-64.webp"}], "description": null, "info": "", "images": [{"small": "https://rema-product-images.digital.rema1000.dk/90909/1-small-aboK8Megqp.webp", "medium": "https://rema-product-images.digital.rema1000.dk/90909/1-medium-aboK8Megqp.webp", "large": "https://rema-product-images.digital.rema1000.dk/90909/1-large-aboK8Megqp.webp"}], "prices": [{"price": 5.95, "price_over_max_quantity": null, "max_quantity": null, "is_advertised": false, "is_campaign": false, "starting_at": "2022-10-06T00:00:00+00:00", "ending_at": "2099-12-31T00:00:00+00:00", "deposit": null, "compare_unit": "kg", "compare_unit_price": 66.11, "consumption_unit": null, "consumption_quantity": null}], "temperature_zone": null, "is_self_scale_item": false, "is_weight_item": false, "is_available_in_all_stores": true, "is_batch_item": false}
{"id": 337, "name": "STØDT CHILI", "underline": "70 GR. / REMA 1000", "age_limit": null, "hazard_precaution_statements": [], "labels": [{"id": 2, "name": "REMA1000", "image": "https://static-assets.digital.rema1000.dk/product/labels/2-64.webp"}], "description": null, "info": "", "images": [{"small": "https://rema-product-images.digital.rema1000.dk/90910/1-small-Al90W3kDq8.webp", "medium": "https://rema-product-images.digital.rema1000.dk/90910/1-medium-Al90W3kDq8.webp", "large": "https://rema-product-images.digital.rema1000.dk/90910/1-large-Al90W3kDq8.webp"}], "prices": [{"price": 7.95, "price_over_max_quantity": null, "max_quantity": null, "is_advertised": false, "is_campaign": false, "starting_at": "2025-06-19T00:00:00+00:00", "ending_at": "2099-12-31T00:00:00+00:00", "deposit": null, "compare_unit": "kg", "compare_unit_price": 113.57, "consumption_unit": null, "consumption_quantity": null}], "temperature_zone": null, "is_self_scale_item": false, "is_weight_item": false, "is_available_in_all_stores": true, "is_batch_item": false}
{"id": 338, "name": "HEL MUSKATNØD", "underline": "14 GR. / REMA 1000", "age_limit": null, "hazard_precaution_statements": [], "labels": [{"id": 2, "name": "REMA1000", "image": "https://static-assets.digital.rema1000.dk/product/labels/2-64.webp"}], "description": null, "info": "", "images": [{"small": "https://rema-product-images.digital.rema1000.dk/90912/1-small-18oXzwjJ9k.webp", "medium": "https://rema-product-images.digital.rema1000.dk/90912/1-medium-18oXzwjJ9k.webp", "large": "https://rema-product-images.digital.rema1000.dk/90912/1-large-18oXzwjJ9k.webp"}], "prices": [{"price": 10.95, "price_over_max_quantity": null, "max_quantity": null, "is_advertised": false, "is_campaign": false, "starting_at": "2025-06-19T00:00:00+00:00", "ending_at": "2099-12-31T00:00:00+00:00", "deposit": null, "compare_unit": "kg", "compare_unit_price": 782.14, "consumption_unit": null, "consumption_quantity": null}], "temperature_zone": null, "is_self_scale_item": false, "is_weight_item": false, "is_available_in_all_stores": true, "is_batch_item": false}
{"id": 339, "name": "HELE SORTE PEBERKORN", "underline": "100 GR. / REMA 1000", "age_limit": null, "hazard_precaution_statements": [], "labels": [{"id": 2, "name": "REMA1000", "image": "https://static-assets.digital.rema1000.dk/product/labels/2-64.webp"}], "description": null, "info": "", "images": [{"small": "https://rema-product-images.digital.rema1000.dk/90924/1-small-vXodjRMx93.webp", "medium": "https://rema-product-images.digital.rema1000.dk/90924/1-medium-vXodjRMx93.webp", "large": "https://rema-product-images.digital.rema1000.dk/90924/1-large-vXodjRMx93.webp"}], "prices": [{"price": 8.95, "price_over_max_quantity": null, "max_quantity": null, "is_advertised": false, "is_campaign": false, "starting_at": "2019-11-14T00:00:00+00:00", "ending_at": "2099-12-31T00:00:00+00:00", "deposit": null, "compare_unit": "kg", "compare_unit_price": 89.5, "consumption_unit": null, "consumption_quantity": null}], "temperature_zone": null, "is_self_scale_item": false, "is_weight_item": false, "is_available_in_all_stores": true, "is_batch_item": false}
{"id": 340, "name": "BASILIKUM", "underline": "25 GR. / REMA 1000", "age_limit": null, "hazard_precaution_statements": [], "labels": [{"id": 2, "name": "REMA1000", "image": "https://static-assets.digital.rema1000.dk/product/labels/2-64.webp"}], "description": null, "info": "", "images": [{"small": "https://rema-product-images.digital.rema1000.dk/90926/1-small-kOq3b3NVo6.webp", "medium": "https://rema-product-images.digital.rema1000.dk/90926/1-medium-kOq3b3NVo6.webp", "large": "https://rema-product-images.digital.rema1000.dk/90926/1-large-kOq3b3NVo6.webp"}], "prices": [{"price": 4.95, "price_over_max_quantity": null, "max_quantity": null, "is_advertised": false, "is_campaign": false, "starting_at": "2019-06-27T00:00:00+00:00", "ending_at": "2099-12-31T00:00:00+00:00", "deposit": null, "compare_unit": "kg", "compare_unit_price": 198, "consumption_unit": null, "consumption_quantity": null}], "temperature_zone": null, "is_self_scale_item": false, "is_weight_item": false, "is_available_in_all_stores": true, "is_batch_item": false}
{"id": 341, "name": "LAURBÆRBLADE", "underline": "7.5 GR. / REMA 1000", "age_limit": null, "hazard_precaution_statements": [], "labels": [{"id": 2, "name": "REMA1000", "image": "https://static-assets.digital.rema1000.dk/product/labels/2-64.webp"}], "description": null, "info": "", "images": [{"small": "https://rema-product-images.digital.rema1000.dk/90928/1-small-xyqaj4wE9D.webp", "medium": "https://rema-product-images.digital.rema1000.dk/90928/1-medium-xyqaj4wE9D.webp", "large": "https://rema-product-images.digital.rema1000.dk/90928/1-large-xyqaj4wE9D.webp"}], "prices": [{"price": 3.75, "price_over_max_quantity": null, "max_quantity": null, "is_advertised": false, "is_campaign": false, "starting_at": "2019-07-22T00:00:00+00:00", "ending_at": "2099-12-31T00:00:00+00:00", "deposit": null, "compare_unit": "kg", "compare_unit_price": 500, "consumption_unit": null, "consumption_quantity": null}], "temperature_zone": null, "is_self_scale_item": false, "is_weight_item": false, "is_available_in_all_stores": true, "is_batch_item": false}
{"id": 342, "name": "SORT PEBER", "underline": "50 GR. / REMA 1000", "age_limit": null, "hazard_precaution_statements": [], "labels": [{"id": 2, "name": "REMA1000", "image": "https://static-assets.digital.rema1000.dk/product/labels/2-64.webp"}], "description": null, "info": "", "images": [{"small": "https://rema-product-images.digital.rema1000.dk/90929/1-small-pYqxn3ZpP1.webp", "medium": "https://rema-product-images.digital.rema1000.dk/90929/1-medium-pYqxn3ZpP1.webp", "large": "https://rema-product-images.digital.rema1000.dk/90929/1-large-pYqxn3ZpP1.webp"}], "prices": [{"price": 9.95, "price_over_max_quantity": null, "max_quantity": null, "is_advertised": false, "is_campaign": false, "starting_at": "2025-06-19T00:00:00+00:00", "ending_at": "2099-12-31T00:00:00+00:00", "deposit": null, "compare_unit": "kg", "compare_unit_price": 199, "consumption_unit": null, "consumption_quantity": null}], "temperature_zone": null, "is_self_scale_item": false, "is_weight_item": false, "is_available_in_all_stores": true, "is_batch_item": false}
{"id": 343, "name": "STØDT SORT PEBER", "underline": "100 GR. / REMA 1000", "age_limit": null, "hazard_precaution_statements": [], "labels": [{"id": 2, "name": "REMA1000", "image": "https://static-assets.digital.rema1000.dk/product/labels/2-64.webp"}], "description": null, "info": "", "images": [{"small": "https://rema-product-images.digital.rema1000.dk/90930/1-small-869D76bEqM.webp", "medium": "https://rema-product-images.digital.rema1000.dk/90930/1-medium-869D76bEqM.webp", "large": "https://rema-product-images.digital.rema1000.dk/90930/1-large-869D76bEqM.webp"}], "prices": [{"price": 5.45, "price_over_max_quantity": null, "max_quantity": null, "is_advertised": false, "is_campaign": false, "starting_at": "2023-11-09T00:00:00+00:00", "ending_at": "2099-12-31T00:00:00+00:00", "deposit": null, "compare_unit": "kg", "compare_unit_price": 54.5, "consumption_unit": null, "consumption_quantity": null}], "temperature_zone": null, "is_self_scale_item": false, "is_weight_item": false, "is_available_in_all_stores": true, "is_batch_item": false}
{"id": 344, "name": "BIRTHDAY KRYMMEL", "underline": "82 GR. / DR.OETKER", "age_limit": null, "hazard_precaution_statements": [], "labels": [], "description": null, "info": "", "images": [{"small": "https://rema-product-images.digital.rema1000.dk/90948/1-small-OJq52aez9p.webp", "medium": "https://rema-product-images.digital.rema1000.dk/90948/1-medium-OJq52aez9p.webp", "large": "https://rema-product-images.digital.rema1000.dk/90948/1-large-OJq52aez9p.webp"}], "prices": [{"price": 19.95, "price_over_max_quantity": null, "max_quantity": null, "is_advertised": false, "is_campaign": false, "starting_at": "2019-11-27T00:00:00+00:00", "ending_at": "2099-12-31T00:00:00+00:00", "deposit": null, "compare_unit": "kg", "compare_unit_price": 243.29, "consumption_unit": null, "consumption_quantity": null}], "temperature_zone": null, "is_self_scale_item": false, "is_weight_item": false, "is_available_in_all_stores": true, "is_batch_item": false}
{"id": 345, "name": "KOKOSMEL", "underline": "200 GR. / REMA 1000", "age_limit": null, "hazard_precaution_statements": [], "labels": [{"id": 2, "name": "REMA1000", "image": "https://static-assets.digital.rema1000.dk/product/labels/2-64.webp"}], "description": null, "info": "", "images": [{"small": "https://rema-product-images.digital.rema1000.dk/90957/1-small-wyPbj0dQPE.webp", "medium": "https://rema-product-images.digital.rema1000.dk/90957/1-medium-wyPbj0dQPE.webp", "large": "https://rema-product-images.digital.rema1000.dk/90957/1-large-wyPbj0dQPE.webp"}], "prices": [{"price": 14.95, "price_over_max_quantity": null, "max_quantity": null, "is_advertised": false, "is_campaign": false, "starting_at": "2025-06-19T00:00:00+00:00", "ending_at": "2099-12-31T00:00:00+00:00", "deposit": null, "compare_unit": "kg", "compare_unit_price": 74.75, "consumption_unit": null, "consumption_quantity": null}], "temperature_zone": null, "is_self_scale_item": false, "is_weight_item": false, "is_available_in_all_stores": true, "is_batch_item": false}
{"id": 346, "name": "VALNØDDEKERNER", "underline": "100 GR. / REMA 1000", "age_limit": null, "hazard_precaution_statements": [], "labels": [{"id": 2, "name": "REMA1000", "image": "https://static-assets.digital.rema1000.dk/product/labels/2-64.webp"}, {"id": 40, "name": "Nøglehul", "image": "https://static-assets.digital.rema1000.dk/product/labels/40-64.webp"}], "description": null, "info": "", "images": [{"small": "https://rema-product-images.digital.rema1000.dk/90960/1-small-6xqAzxBR9D.webp", "medium": "https://rema-product-images.digital.rema1000.dk/90960/1-medium-6xqAzxBR9D.webp", "large": "https://rema-product-images.digital.rema1000.dk/90960/1-large-6xqAzxBR9D.webp"}], "prices": [{"price": 14.25, "price_over_max_quantity": null, "max_quantity": null, "is_advertised": false, "is_campaign": false, "starting_at": "2025-03-13T00:00:00+00:00", "ending_at": "2099-12-31T00:00:00+00:00", "deposit": null, "compare_unit": "kg", "compare_unit_price": 142.5, "consumption_unit": null, "consumption_quantity": null}], "temperature_zone": null, "is_self_scale_item": false, "is_weight_item": false, "is_available_in_all_stores": true, "is_batch_item": false}
{"id": 347, "name": "MANDELSPLITTER", "underline": "40 GR. / REMA 1000", "age_limit": null, "hazard_precaution_statements": [], "labels": [{"id": 2, "name": "REMA1000", "image": "https://static-assets.digital.rema1000.dk/product/labels/2-64.webp"}, {"id": 40, "name": "Nøglehul", "image": "https://static-assets.digital.rema1000.dk/product/labels/40-64.webp"}], "description": null, "info": "", "images": [{"small": "https://rema-product-images.digital.rema1000.dk/90967/1-small-MNqZnz73qA.webp", "medium": "https://rema-product-images.digital.rema1000.dk/90967/1-medium-MNqZnz73qA.webp", "large": "https://rema-product-images.digital.rema1000.dk/90967/1-large-MNqZnz73qA.webp"}], "prices": [{"price": 7.95, "price_over_max_quantity": null, "max_quantity": null, "is_advertised": false, "is_campaign": false, "starting_at": "2022-10-06T00:00:00+00:00", "ending_at": "2099-12-31T00:00:00+00:00", "deposit": null, "compare_unit": "kg", "compare_unit_price": 198.75, "consumption_unit": null, "consumption_quantity": null}], "temperature_zone": null, "is_self_scale_item": false, "is_weight_item": false, "is_available_in_all_stores": false, "is_batch_item": false}
{"id": 348, "name": "HASSELNØDDEFLAGER", "underline": "40 GR. / REMA 1000", "age_limit": null, "hazard_precaution_statements": [], "labels": [{"id": 2, "name": "REMA1000", "image": "https://static-assets.digital.rema1000.dk/product/labels/2-64.webp"}, {"id": 40, "name": "Nøglehul", "image": "https://static-assets.digital.rema1000.dk/product/labels/40-64.webp"}], "description": null, "info": "", "images": [{"small": "https://rema-product-images.digital.rema1000.dk/90969/1-small-Ea91ZkX4Pz.webp", "medium": "https://rema-product-images.digital.rema1000.dk/90969/1-medium-Ea91ZkX4Pz.webp", "large": "https://rema-product-images.digital.rema1000.dk/90969/1-large-Ea91ZkX4Pz.webp"}], "prices": [{"price": 8.5, "price_over_max_quantity": null, "max_quantity": null, "is_advertised": false, "is_campaign": false, "starting_at": "2024-10-03T00:00:00+00:00", "ending_at": "2025-11-14T00:00:00+00:00", "deposit": null, "compare_unit": "kg", "compare_unit_price": 212.5, "consumption_unit": null, "consumption_quantity": null}], "temperature_zone": null, "is_self_scale_item": false, "is_weight_item": false, "is_available_in_all_stores": true, "is_batch_item": false}
{"id": 349, "name": "HASSELNØDDEKERNER", "underline": "100 GR. / REMA 1000", "age_limit": null, "hazard_precaution_statements": [], "labels": [{"id": 2, "name": "REMA1000", "image": "https://static-assets.digital.rema1000.dk/product/labels/2-64.webp"}, {"id": 40, "name": "Nøglehul", "image": "https://static-assets.digital.rema1000.dk/product/labels/40-64.webp"}], "description": null, "info": "", "images": [{"small": "https://rema-product-images.digital.rema1000.dk/90970/1-small-kOq3b3AVo6.webp", "medium": "https://rema-product-images.digital.rema1000.dk/90970/1-medium-kOq3b3AVo6.webp", "large": "https://rema-product-images.digital.rema1000.dk/90970/1-large-kOq3b3AVo6.webp"}], "prices": [{"price": 12, "price_over_max_quantity": null, "max_quantity": null, "is_advertised": false, "is_campaign": false, "starting_at": "2022-10-06T00:00:00+00:00", "ending_at": "2099-12-31T00:00:00+00:00", "deposit": null, "compare_unit": "kg", "compare_unit_price": 120, "consumption_unit": null, "consumption_quantity": null}], "temperature_zone": null, "is_self_scale_item": false, "is_weight_item": false, "is_available_in_all_stores": true, "is_batch_item": false}
{"id": 350, "name": "NATRON", "underline": "140 GR. / REMA 1000", "age_limit": null, "hazard_precaution_statements": [], "labels": [{"id": 2, "name": "REMA1000", "image": "https://static-assets.digital.rema1000.dk/product/labels/2-64.webp"}], "description": null, "info": "", "images": [{"small": "https://rema-product-images.digital.rema1000.dk/90989/1-small-ElPB16MW9k.webp", "medium": "https://rema-product-images.digital.rema1000.dk/90989/1-medium-ElPB16MW9k.webp", "large": "https://rema-product-images.digital.rema1000.dk/90989/1-large-ElPB16MW9k.webp"}], "prices": [{"price": 4.4, "price_over_max_quantity": null, "max_quantity": null, "is_advertised": false, "is_campaign": false, "starting_at": "2024-01-11T00:00:00+00:00", "ending_at": "2099-12-31T00:00:00+00:00", "deposit": null, "compare_unit": "kg", "compare_unit_price": 31.43, "consumption_unit": null, "consumption_quantity": null}], "temperature_zone": null, "is_self_scale_item": false, "is_weight_item": false, "is_available_in_all_stores": true, "is_batch_item": false}
{"id": 351, "name": "RUGMEL", "underline": "1 KG. / REMA 1000", "age_limit": null, "hazard_precaution_statements": [], "labels": [{"id": 2, "name": "REMA1000", "image": "https://static-assets.digital.rema1000.dk/product/labels/2-64.webp"}, {"id": 40, "name": "Nøglehul", "image": "https://static-assets.digital.rema1000.dk/product/labels/40-64.webp"}, {"id": 43, "name": "Fuldkorn", "image": "https://static-assets.digital.rema1000.dk/product/labels/43-64.webp"}, {"id": 70, "name": "Dansk", "image": "https://static-assets.digital.rema1000.dk/product/labels/70-64.webp"}], "description": null, "info": "", "images": [{"small": "https://rema-product-images.digital.rema1000.dk/91000/1-small-xePwyR7Jqw.webp", "medium": "https://rema-product-images.digital.rema1000.dk/91000/1-medium-xePwyR7Jqw.webp", "large": "https://rema-product-images.digital.rema1000.dk/91000/1-large-xePwyR7Jqw.webp"}], "prices": [{"price": 10.95, "price_over_max_quantity": null, "max_quantity": null, "is_advertised": false, "is_campaign": false, "starting_at": "2024-01-11T00:00:00+00:00", "ending_at": "2099-12-31T00:00:00+00:00", "deposit": null, "compare_unit": "kg", "compare_unit_price": 10.95, "consumption_unit": null, "consumption_quantity": null}], "temperature_zone": null, "is_self_scale_item": false, "is_weight_item": false, "is_available_in_all_stores": true, "is_batch_item": false}
{"id": 352, "name": "KARTOFFELMEL", "underline": "500 GR. /", "age_limit": null, "hazard_precaution_statements": [], "labels": [{"id": 70, "name": "Dansk", "image": "https://static-assets.digital.rema1000.dk/product/labels/70-64.webp"}], "description": null, "info": "", "images": [{"small": "https://rema-product-images.digital.rema1000.dk/91005/1-small-xQq8gVvdoZ.webp", "medium": "https://rema-product-images.digital.rema1000.dk/91005/1-medium-xQq8gVvdoZ.webp", "large": "https://rema-product-images.digital.rema1000.dk/91005/1-large-xQq8gVvdoZ.webp"}], "prices": [{"price": 7.95, "price_over_max_quantity": null, "max_quantity": null, "is_advertised": false, "is_campaign": false, "starting_at": "2025-01-09T00:00:00+00:00", "ending_at": "2099-12-31T00:00:00+00:00", "deposit": null, "compare_unit": "kg", "compare_unit_price": 15.9, "consumption_unit": null, "consumption_quantity": null}], "temperature_zone": null, "is_self_scale_item": false, "is_weight_item": false, "is_available_in_all_stores": true, "is_batch_item": false}
{"id": 353, "name": "HVERDAG BRUNCHBOLLER", "underline": "750 GR. / VALSEMØLLEN", "age_limit": null, "hazard_precaution_statements": [], "labels": [], "description": null, "info": "", "images": [{"small": "https://rema-product-images.digital.rema1000.dk/91052/1-small-NpP7kbkvPO.webp", "medium": "https://rema-product-images.digital.rema1000.dk/91052/1-medium-NpP7kbkvPO.webp", "large": "https://rema-product-images.digital.rema1000.dk/91052/1-large-NpP7kbkvPO.webp"}], "prices": [{"price": 15, "price_over_max_quantity": null, "max_quantity": null, "is_advertised": false, "is_campaign": false, "starting_at": "2023-02-28T00:00:00+00:00", "ending_at": "2099-12-31T00:00:00+00:00", "deposit": null, "compare_unit": "kg", "compare_unit_price": 20, "consumption_unit": null, "consumption_quantity": null}], "temperature_zone": null, "is_self_scale_item": false, "is_weight_item": false, "is_available_in_all_stores": true, "is_batch_item": false}
{"id": 354, "name": "MANDELMEL", "underline": "150 GR. / REMA 1000", "age_limit": null, "hazard_precaution_statements": [], "labels": [{"id": 2, "name": "REMA1000", "image": "https://static-assets.digital.rema1000.dk/product/labels/2-64.webp"}], "description": null, "info": "", "images": [{"small": "https://rema-product-images.digital.rema1000.dk/91075/1-small-01q2383e97.webp", "medium": "https://rema-product-images.digital.rema1000.dk/91075/1-medium-01q2383e97.webp", "large": "https://rema-product-images.digital.rema1000.dk/91075/1-large-01q2383e97.webp"}], "prices": [{"price": 19.95, "price_over_max_quantity": null, "max_quantity": null, "is_advertised": false, "is_campaign": false, "starting_at": "2023-05-10T00:00:00+00:00", "ending_at": "2099-12-31T00:00:00+00:00", "deposit": null, "compare_unit": "kg", "compare_unit_price": 133, "consumption_unit": null, "consumption_quantity": null}], "temperature_zone": null, "is_self_scale_item": false, "is_weight_item": false, "is_available_in_all_stores": true, "is_batch_item": false}
{"id": 355, "name": "NUDLER KYLLING OG CHILI", "underline": "65 GR. / REMA 1000", "age_limit": null, "hazard_precaution_statements": [], "labels": [{"id": 2, "name": "REMA1000", "image": "https://static-assets.digital.rema1000.dk/product/labels/2-64.webp"}], "description": null, "info": "", "images": [{"small": "https://rema-product-images.digital.rema1000.dk/91076/1-small-nDPWJaJk9W.webp", "medium": "https://rema-product-images.digital.rema1000.dk/91076/1-medium-nDPWJaJk9W.webp", "large": "https://rema-product-images.digital.rema1000.dk/91076/1-large-nDPWJaJk9W.webp"}], "prices": [{"price": 5.75, "price_over_max_quantity": null, "max_quantity": null, "is_advertised": false, "is_campaign": false, "starting_at": "2024-07-18T00:00:00+00:00", "ending_at": "2025-09-06T00:00:00+00:00", "deposit": null, "compare_unit": "kg", "compare_unit_price": 88.46, "consumption_unit": null, "consumption_quantity": null}], "temperature_zone": null, "is_self_scale_item": false, "is_weight_item": false, "is_available_in_all_stores": true, "is_batch_item": false}
{"id": 356, "name": "ØKOLOGISK DANSK SUKKER", "underline": "1 KG. / REMA 1000", "age_limit": null, "hazard_precaution_statements": [], "labels": [{"id": 2, "name": "REMA1000", "image": "https://static-assets.digital.rema1000.dk/product/labels/2-64.webp"}, {"id": 5, "name": "Økologi", "image": "https://static-assets.digital.rema1000.dk/product/labels/5-64.webp"}, {"id": 6, "name": "Økologi", "image": "https://static-assets.digital.rema1000.dk/product/labels/6-64.webp"}], "description": null, "info": "", "images": [{"small": "https://rema-product-images.digital.rema1000.dk/91095/1-small-v09gyjQEoA.webp", "medium": "https://rema-product-images.digital.rema1000.dk/91095/1-medium-v09gyjQEoA.webp", "large": "https://rema-product-images.digital.rema1000.dk/91095/1-large-v09gyjQEoA.webp"}], "prices": [{"price": 20.25, "price_over_max_quantity": null, "max_quantity": null, "is_advertised": false, "is_campaign": false, "starting_at": "2025-01-02T00:00:00+00:00", "ending_at": "2099-12-31T00:00:00+00:00", "deposit": null, "compare_unit": "kg", "compare_unit_price": 20.25, "consumption_unit": null, "consumption_quantity": null}], "temperature_zone": null, "is_self_scale_item": false, "is_weight_item": false, "is_available_in_all_stores": true, "is_batch_item": false}
{"id": 357, "name": "SYLTE SUKKER", "underline": "1 KG. / DANSUKKER", "age_limit": null, "hazard_precaution_statements": [], "labels": [], "description": null, "info": "", "images": [{"small": "https://rema-product-images.digital.rema1000.dk/91106/1-small-vVoryEQvP3.webp", "medium": "https://rema-product-images.digital.rema1000.dk/91106/1-medium-vVoryEQvP3.webp", "large": "https://rema-product-images.digital.rema1000.dk/91106/1-large-vVoryEQvP3.webp"}], "prices": [{"price": 22.95, "price_over_max_quantity": null, "max_quantity": null, "is_advertised": false, "is_campaign": false, "starting_at": "2025-01-02T00:00:00+00:00", "ending_at": "2099-12-31T00:00:00+00:00", "deposit": null, "compare_unit": "kg", "compare_unit_price": 22.95, "consumption_unit": null, "consumption_quantity": null}], "temperature_zone": null, "is_self_scale_item": false, "is_weight_item": false, "is_available_in_all_stores": true, "is_batch_item": false}
{"id": 358, "name": "ØKOLOGISKE BASMATI RIS", "underline": "1 KG. / REMA 1000", "age_limit": null, "hazard_precaution_statements": [], "labels": [{"id": 2, "name": "REMA1000", "image": "https://static-assets.digital.rema1000.dk/product/labels/2-64.webp"}, {"id": 5, "name": "Økologi", "image": "https://static-assets.digital.rema1000.dk/product/labels/5-64.webp"}, {"id": 6, "name": "Økologi", "image": "https://static-assets.digital.rema1000.dk/product/labels/6-64.webp"}], "description": null, "info": "", "images": [{"small": "https://rema-product-images.digital.rema1000.dk/91110/1-small-Al90Wj3Rq8.webp", "medium": "https://rema-product-images.digital.rema1000.dk/91110/1-medium-Al90Wj3Rq8.webp", "large": "https://rema-product-images.digital.rema1000.dk/91110/1-large-Al90Wj3Rq8.webp"}], "prices": [{"price": 23.95, "price_over_max_quantity": null, "max_quantity": null, "is_advertised": false, "is_campaign": false, "starting_at": "2024-07-18T00:00:00+00:00", "ending_at": "2099-12-31T00:00:00+00:00", "deposit": null, "compare_unit": "kg", "compare_unit_price": 23.95, "consumption_unit": null, "consumption_quantity": null}], "temperature_zone": null, "is_self_scale_item": false, "is_weight_item": false, "is_available_in_all_stores": true, "is_batch_item": false}
{"id": 359, "name": "BRUNE FULDKORNSRIS", "underline": "1 KG. / REMA 1000", "age_limit": null, "hazard_precaution_statements": [], "labels": [{"id": 2, "name": "REMA1000", "image": "https://static-assets.digital.rema1000.dk/product/labels/2-64.webp"}, {"id": 5, "name": "Økologi", "image": "https://static-assets.digital.rema1000.dk/product/labels/5-64.webp"}, {"id": 6, "name": "Økologi", "image": "https://static-assets.digital.rema1000.dk/product/labels/6-64.webp"}, {"id": 40, "name": "Nøglehul", "image": "https://static-assets.digital.rema1000.dk/product/labels/40-64.webp"}, {"id": 43, "name": "Fuldkorn", "image": "https://static-assets.digital.rema1000.dk/product/labels/43-64.webp"}], "description": null, "info": "", "images": [{"small": "https://rema-product-images.digital.rema1000.dk/91115/1-small-KpqRrXjdqL.webp", "medium": "https://rema-product-images.digital.rema1000.dk/91115/1-medium-KpqRrXjdqL.webp", "large": "https://rema-product-images.digital.rema1000.dk/91115/1-large-KpqRrXjdqL.webp"}], "prices": [{"price": 16.5, "price_over_max_quantity": null, "max_quantity": null, "is_advertised": false, "is_campaign": false, "starting_at": "2024-07-18T00:00:00+00:00", "ending_at": "2099-12-31T00:00:00+00:00", "deposit": null, "compare_unit": "kg", "compare_unit_price": 16.5, "consumption_unit": null, "consumption_quantity": null}], "temperature_zone": null, "is_self_scale_item": false, "is_weight_item": false, "is_available_in_all_stores": true, "is_batch_item": false}
{"id": 360, "name": "BRUN FARIN", "underline": "500 GR. / DAN SUKKER", "age_limit": null, "hazard_precaution_statements": [], "labels": [], "description": null, "info": "", "images": [{"small": "https://rema-product-images.digital.rema1000.dk/91120/1-small-AKqebxLK9p.webp", "medium": "https://rema-product-images.digital.rema1000.dk/91120/1-medium-AKqebxLK9p.webp", "large": "https://rema-product-images.digital.rema1000.dk/91120/1-large-AKqebxLK9p.webp"}], "prices": [{"price": 13.5, "price_over_max_quantity": null, "max_quantity": null, "is_advertised": false, "is_campaign": false, "starting_at": "2025-01-02T00:00:00+00:00", "ending_at": "2099-12-31T00:00:00+00:00", "deposit": null, "compare_unit": "kg", "compare_unit_price": 27, "consumption_unit": null, "consumption_quantity": null}], "temperature_zone": null, "is_self_scale_item": false, "is_weight_item": false, "is_available_in_all_stores": true, "is_batch_item": false}
{"id": 361, "name": "HUGGET SUKKER", "underline": "500 GR. / DANSUKKER", "age_limit": null, "hazard_precaution_statements": [], "labels": [], "description": null, "info": "", "images": [{"small": "https://rema-product-images.digital.rema1000.dk/91130/1-small-869D7xxBqM.webp", "medium": "https://rema-product-images.digital.rema1000.dk/91130/1-medium-869D7xxBqM.webp", "large": "https://rema-product-images.digital.rema1000.dk/91130/1-large-869D7xxBqM.webp"}], "prices": [{"price": 13.5, "price_over_max_quantity": null, "max_quantity": null, "is_advertised": false, "is_campaign": false, "starting_at": "2025-01-02T00:00:00+00:00", "ending_at": "2099-12-31T00:00:00+00:00", "deposit": null, "compare_unit": "kg", "compare_unit_price": 27, "consumption_unit": null, "consumption_quantity": null}], "temperature_zone": null, "is_self_scale_item": false, "is_weight_item": false, "is_available_in_all_stores": true, "is_batch_item": false}
{"id": 362, "name": "FLORMELIS", "underline": "500 GR. / DANSUKKER", "age_limit": null, "hazard_precaution_statements": [], "labels": [{"id": 70, "name": "Dansk", "image": "https://static-assets.digital.rema1000.dk/product/labels/70-64.webp"}], "description": null, "info": "", "images": [{"small": "https://rema-product-images.digital.rema1000.dk/91135/1-small-Gb9kMwwEo7.webp", "medium": "https://rema-product-images.digital.rema1000.dk/91135/1-medium-Gb9kMwwEo7.webp", "large": "https://rema-product-images.digital.rema1000.dk/91135/1-large-Gb9kMwwEo7.webp"}], "prices": [{"price": 10.5, "price_over_max_quantity": null, "max_quantity": null, "is_advertised": false, "is_campaign": false, "starting_at": "2025-01-02T00:00:00+00:00", "ending_at": "2099-12-31T00:00:00+00:00", "deposit": null, "compare_unit": "kg", "compare_unit_price": 21, "consumption_unit": null, "consumption_quantity": null}], "temperature_zone": null, "is_self_scale_item": false, "is_weight_item": false, "is_available_in_all_stores": true, "is_batch_item": false}
{"id": 363, "name": "PANDEKAGE OG VAFFEL MIX", "underline": "300 GR. / REMA 1000", "age_limit": null, "hazard_precaution_statements": [], "labels": [{"id": 2, "name": "REMA1000", "image": "https://static-assets.digital.rema1000.dk/product/labels/2-64.webp"}], "description": null, "info": "", "images": [{"small": "https://rema-product-images.digital.rema1000.dk/91171/1-small-OW9OVRXRqg.webp", "medium": "https://rema-product-images.digital.rema1000.dk/91171/1-medium-OW9OVRXRqg.webp", "large": "https://rema-product-images.digital.rema1000.dk/91171/1-large-OW9OVRXRqg.webp"}], "prices": [{"price": 10, "price_over_max_quantity": null, "max_quantity": null, "is_advertised": false, "is_campaign": false, "starting_at": "2023-10-17T00:00:00+00:00", "ending_at": "2099-12-31T00:00:00+00:00", "deposit": null, "compare_unit": "kg", "compare_unit_price": 33.33, "consumption_unit": null, "consumption_quantity": null}], "temperature_zone": null, "is_self_scale_item": false, "is_weight_item": false, "is_available_in_all_stores": true, "is_batch_item": false}
{"id": 364, "name": "VINAIGRETTE PULVER", "underline": "10 GR. / NEMT & GRØNT", "age_limit": null, "hazard_precaution_statements": [], "labels": [], "description": null, "info": "", "images": [{"small": "https://rema-product-images.digital.rema1000.dk/91202/1-small-kAonl2ra9x.webp", "medium": "https://rema-product-images.digital.rema1000.dk/91202/1-medium-kAonl2ra9x.webp", "large": "https://rema-product-images.digital.rema1000.dk/91202/1-large-kAonl2ra9x.webp"}], "prices": [{"price": 5, "price_over_max_quantity": null, "max_quantity": null, "is_advertised": false, "is_campaign": false, "starting_at": "2024-03-19T00:00:00+00:00", "ending_at": "2099-12-31T00:00:00+00:00", "deposit": null, "compare_unit": "kg", "compare_unit_price": 500, "consumption_unit": null, "consumption_quantity": null}], "temperature_zone": null, "is_self_scale_item": false, "is_weight_item": false, "is_available_in_all_stores": true, "is_batch_item": false}
{"id": 365, "name": "GULERODSBOLLER", "underline": "250 GR. / AMO", "age_limit": null, "hazard_precaution_statements": [], "labels": [{"id": 9001, "name": "Avisvare", "image": "https://static-assets.digital.rema1000.dk/product/labels/9001-64.webp"}], "description": null, "info": "", "images": [{"small": "https://rema-product-images.digital.rema1000.dk/91217/1-small-Z8qpl8AAq3.webp", "medium": "https://rema-product-images.digital.rema1000.dk/91217/1-medium-Z8qpl8AAq3.webp", "large": "https://rema-product-images.digital.rema1000.dk/91217/1-large-Z8qpl8AAq3.webp"}], "prices": [{"price": 15, "price_over_max_quantity": null, "max_quantity": null, "is_advertised": true, "is_campaign": false, "starting_at": "2025-08-17T00:00:00+00:00", "ending_at": "2025-11-15T00:00:00+00:00", "deposit": null, "compare_unit": "kg", "compare_unit_price": 60, "consumption_unit": null, "consumption_quantity": null}], "temperature_zone": null, "is_self_scale_item": false, "is_weight_item": false, "is_available_in_all_stores": true, "is_batch_item": true}
{"id": 366, "name": "BBQ MIX", "underline": "160 GR. / REMA 1000", "age_limit": null, "hazard_precaution_statements": [], "labels": [{"id": 2, "name": "REMA1000", "image": "https://static-assets.digital.rema1000.dk/product/labels/2-64.webp"}], "description": null, "info": "", "images": [{"small": "https://rema-product-images.digital.rema1000.dk/91247/1-small-3MoMVeg6q5.webp", "medium": "https://rema-product-images.digital.rema1000.dk/91247/1-medium-3MoMVeg6q5.webp", "large": "https://rema-product-images.digital.rema1000.dk/91247/1-large-3MoMVeg6q5.webp"}], "prices": [{"price": 20, "price_over_max_quantity": null, "max_quantity": null, "is_advertised": false, "is_campaign": false, "starting_at": "2024-10-04T00:00:00+00:00", "ending_at": "2099-12-31T00:00:00+00:00", "deposit": null, "compare_unit": "kg", "compare_unit_price": 125, "consumption_unit": null, "consumption_quantity": null}], "temperature_zone": null, "is_self_scale_item": false, "is_weight_item": false, "is_available_in_all_stores": true, "is_batch_item": false}
{"id": 367, "name": "HAVSALT", "underline": "190 GR. / REMA 1000", "age_limit": null, "hazard_precaution_statements": [], "labels": [{"id": 2, "name": "REMA1000", "image": "https://static-assets.digital.rema1000.dk/product/labels/2-64.webp"}], "description": null, "info": "", "images": [{"small": "https://rema-product-images.digital.rema1000.dk/91248/1-small-OJq52j7K9p.webp", "medium": "https://rema-product-images.digital.rema1000.dk/91248/1-medium-OJq52j7K9p.webp", "large": "https://rema-product-images.digital.rema1000.dk/91248/1-large-OJq52j7K9p.webp"}], "prices": [{"price": 20, "price_over_max_quantity": null, "max_quantity": null, "is_advertised": false, "is_campaign": false, "starting_at": "2024-10-04T00:00:00+00:00", "ending_at": "2099-12-31T00:00:00+00:00", "deposit": null, "compare_unit": "kg", "compare_unit_price": 105.26, "consumption_unit": null, "consumption_quantity": null}], "temperature_zone": null, "is_self_scale_item": false, "is_weight_item": false, "is_available_in_all_stores": true, "is_batch_item": false}
{"id": 368, "name": "HIMALAYA SALT", "underline": "180 GR. / REMA 1000", "age_limit": null, "hazard_precaution_statements": [], "labels": [{"id": 2, "name": "REMA1000", "image": "https://static-assets.digital.rema1000.dk/product/labels/2-64.webp"}], "description": null, "info": "", "images": [{"small": "https://rema-product-images.digital.rema1000.dk/91249/1-small-xQq8gVanoZ.webp", "medium": "https://rema-product-images.digital.rema1000.dk/91249/1-medium-xQq8gVanoZ.webp", "large": "https://rema-product-images.digital.rema1000.dk/91249/1-large-xQq8gVanoZ.webp"}], "prices": [{"price": 20, "price_over_max_quantity": null, "max_quantity": null, "is_advertised": false, "is_campaign": false, "starting_at": "2024-10-04T00:00:00+00:00", "ending_at": "2099-12-31T00:00:00+00:00", "deposit": null, "compare_unit": "kg", "compare_unit_price": 111.11, "consumption_unit": null, "consumption_quantity": null}], "temperature_zone": null, "is_self_scale_item": false, "is_weight_item": false, "is_available_in_all_stores": true, "is_batch_item": false}
{"id": 369, "name": " PIZZA MIX", "underline": "125 GR. / REMA 1000", "age_limit": null, "hazard_precaution_statements": [], "labels": [{"id": 2, "name": "REMA1000", "image": "https://static-assets.digital.rema1000.dk/product/labels/2-64.webp"}], "description": null, "info": "", "images": [{"small": "https://rema-product-images.digital.rema1000.dk/91251/1-small-v09gyj3moA.webp", "medium": "https://rema-product-images.digital.rema1000.dk/91251/1-medium-v09gyj3moA.webp", "large": "https://rema-product-images.digital.rema1000.dk/91251/1-large-v09gyj3moA.webp"}], "prices": [{"price": 20, "price_over_max_quantity": null, "max_quantity": null, "is_advertised": false, "is_campaign": false, "starting_at": "2024-09-19T00:00:00+00:00", "ending_at": "2099-12-31T00:00:00+00:00", "deposit": null, "compare_unit": "kg", "compare_unit_price": 160, "consumption_unit": null, "consumption_quantity": null}], "temperature_zone": null, "is_self_scale_item": false, "is_weight_item": false, "is_available_in_all_stores": true, "is_batch_item": false}
{"id": 370, "name": "LYS SIRUP", "underline": "750 GR. / DAN SUKKER", "age_limit": null, "hazard_precaution_statements": [], "labels": [], "description": null, "info": "", "images": [{"small": "https://rema-product-images.digital.rema1000.dk/91316/1-small-6xqAzr379D.webp", "medium": "https://rema-product-images.digital.rema1000.dk/91316/1-medium-6xqAzr379D.webp", "large": "https://rema-product-images.digital.rema1000.dk/91316/1-large-6xqAzr379D.webp"}], "prices": [{"price": 19.95, "price_over_max_quantity": null, "max_quantity": null, "is_advertised": false, "is_campaign": false, "starting_at": "2023-01-05T00:00:00+00:00", "ending_at": "2099-12-31T00:00:00+00:00", "deposit": null, "compare_unit": "kg", "compare_unit_price": 26.6, "consumption_unit": null, "consumption_quantity": null}], "temperature_zone": null, "is_self_scale_item": false, "is_weight_item": false, "is_available_in_all_stores": true, "is_batch_item": false}
{"id": 371, "name": "KOLDHÆVEDE BOLLER", "underline": "700 GR. / GRAM SLOT", "age_limit": null, "hazard_precaution_statements": [], "labels": [{"id": 5, "name": "Økologi", "image": "https://static-assets.digital.rema1000.dk/product/labels/5-64.webp"}, {"id": 6, "name": "Økologi", "image": "https://static-assets.digital.rema1000.dk/product/labels/6-64.webp"}, {"id": 39, "name": "Gram slot", "image": "https://static-assets.digital.rema1000.dk/product/labels/39-64.webp"}], "description": "<br /> REMA 1000 er medejer af et af Danmarks største økologiske landbrug, Gram Slot, som dagligt leverer bl.a. økologisk mælk, kartofler, mel og havregryn til REMA 1000s butikker. På Gram Slot er dyrevelfærd i højsædet, ligesom Jorden ved Gram Slot dyrkes med stor respekt og omtanke.<br /> <br /> Med denne økologiske melblanding fra korn dyrket af Gram Slot, kan du nemt bage lækre, økologiske boller. Husk også gær.<br /> <br /> Fremgangsmåde:<br /> Rør ingredienserne sammen efter anvisning på emballagen. Kom dejen i en skål med låg og sæt den i køleskabet natten over (min. 7 timer). Efter hævning sættes bollerne på bageplade med bagepapir, og bages efter anvisning på emballagen.<br /> <br /> Tip: Giv bollerne et drys sesamfrø eller andre frø. Du kan også bage brød af dejen. Læs mere på emballagen. <br /> <br />", "info": "", "images": [{"small": "https://rema-product-images.digital.rema1000.dk/91371/1-small-OW9OVRKZqg.webp", "medium": "https://rema-product-images.digital.rema1000.dk/91371/1-medium-OW9OVRKZqg.webp", "large": "https://rema-product-images.digital.rema1000.dk/91371/1-large-OW9OVRKZqg.webp"}], "prices": [{"price": 25.95, "price_over_max_quantity": null, "max_quantity": null, "is_advertised": false, "is_campaign": false, "starting_at": "2025-08-01T00:00:00+00:00", "ending_at": "2099-12-31T00:00:00+00:00", "deposit": null, "compare_unit": "kg", "compare_unit_price": 37.07, "consumption_unit": null, "consumption_quantity": null}], "temperature_zone": null, "is_self_scale_item": false, "is_weight_item": false, "is_available_in_all_stores": true, "is_batch_item": false}
{"id": 372, "name": "RUGBRØDSBLANDING", "underline": "700 GR. / GRAM SLOT", "age_limit": null, "hazard_precaution_statements": [], "labels": [{"id": 5, "name": "Økologi", "image": "https://static-assets.digital.rema1000.dk/product/labels/5-64.webp"}, {"id": 6, "name": "Økologi", "image": "https://static-assets.digital.rema1000.dk/product/labels/6-64.webp"}, {"id": 39, "name": "Gram slot", "image": "https://static-assets.digital.rema1000.dk/product/labels/39-64.webp"}, {"id": 43, "name": "Fuldkorn", "image": "https://static-assets.digital.rema1000.dk/product/labels/43-64.webp"}], "description": "<br /> REMA 1000 er medejer af et af Danmarks største økologiske landbrug, Gram Slot, som dagligt leverer bl.a. økologisk mælk, kartofler, mel og havregryn til REMA 1000s butikker. På Gram Slot er dyrevelfærd i højsædet, ligesom Jorden ved Gram Slot dyrkes med stor respekt og omtanke.<br /> <br /> Med denne økologiske melblanding fra korn dyrket af Gram Slot, kan du nemt bage lækker, økologisk rugbrød. Husk også gær.<br /> <br /> Fremgangsmåde:<br /> Rør ingredienserne sammen efter anvisning på emballagen. Kom dejen i smurt rugbrødsform og sæt den i køleskabet natten over (min. 7 timer). Efter hævning pensles brødet og bages efter anvisning på emballagen.<br /> <br /> Tip: Kom evt. ½ dl sesamfrø, chiafrø eller andre frø i brødblandingen, eller drys frøene på toppen af brødet før det bages.<br /> <br />", "info": "", "images": [{"small": "https://rema-product-images.digital.rema1000.dk/91372/1-small-xyqajKxV9D.webp", "medium": "https://rema-product-images.digital.rema1000.dk/91372/1-medium-xyqajKxV9D.webp", "large": "https://rema-product-images.digital.rema1000.dk/91372/1-large-xyqajKxV9D.webp"}], "prices": [{"price": 23.95, "price_over_max_quantity": null, "max_quantity": null, "is_advertised": false, "is_campaign": false, "starting_at": "2025-08-01T00:00:00+00:00", "ending_at": "2099-12-31T00:00:00+00:00", "deposit": null, "compare_unit": "kg", "compare_unit_price": 34.21, "consumption_unit": null, "consumption_quantity": null}], "temperature_zone": null, "is_self_scale_item": false, "is_weight_item": false, "is_available_in_all_stores": true, "is_batch_item": false}
{"id": 373, "name": "CHIAFRØ", "underline": "300 GR. / REMA 1000", "age_limit": null, "hazard_precaution_statements": [], "labels": [{"id": 2, "name": "REMA1000", "image": "https://static-assets.digital.rema1000.dk/product/labels/2-64.webp"}, {"id": 5, "name": "Økologi", "image": "https://static-assets.digital.rema1000.dk/product/labels/5-64.webp"}, {"id": 6, "name": "Økologi", "image": "https://static-assets.digital.rema1000.dk/product/labels/6-64.webp"}], "description": null, "info": "", "images": [{"small": "https://rema-product-images.digital.rema1000.dk/91389/1-small-ElPB1xj19k.webp", "medium": "https://rema-product-images.digital.rema1000.dk/91389/1-medium-ElPB1xj19k.webp", "large": "https://rema-product-images.digital.rema1000.dk/91389/1-large-ElPB1xj19k.webp"}], "prices": [{"price": 19.95, "price_over_max_quantity": null, "max_quantity": null, "is_advertised": false, "is_campaign": false, "starting_at": "2023-11-30T00:00:00+00:00", "ending_at": "2099-12-31T00:00:00+00:00", "deposit": null, "compare_unit": "kg", "compare_unit_price": 66.5, "consumption_unit": null, "consumption_quantity": null}], "temperature_zone": null, "is_self_scale_item": false, "is_weight_item": false, "is_available_in_all_stores": true, "is_batch_item": false}
{"id": 374, "name": "MAJSGRYN", "underline": "400 GR. / REMA 1000", "age_limit": null, "hazard_precaution_statements": [], "labels": [{"id": 2, "name": "REMA1000", "image": "https://static-assets.digital.rema1000.dk/product/labels/2-64.webp"}, {"id": 5, "name": "Økologi", "image": "https://static-assets.digital.rema1000.dk/product/labels/5-64.webp"}, {"id": 6, "name": "Økologi", "image": "https://static-assets.digital.rema1000.dk/product/labels/6-64.webp"}], "description": null, "info": "", "images": [{"small": "https://rema-product-images.digital.rema1000.dk/91391/1-small-3MoMVeaeq5.webp", "medium": "https://rema-product-images.digital.rema1000.dk/91391/1-medium-3MoMVeaeq5.webp", "large": "https://rema-product-images.digital.rema1000.dk/91391/1-large-3MoMVeaeq5.webp"}], "prices": [{"price": 16.95, "price_over_max_quantity": null, "max_quantity": null, "is_advertised": false, "is_campaign": false, "starting_at": "2023-01-05T00:00:00+00:00", "ending_at": "2025-09-13T00:00:00+00:00", "deposit": null, "compare_unit": "kg", "compare_unit_price": 42.38, "consumption_unit": null, "consumption_quantity": null}], "temperature_zone": null, "is_self_scale_item": false, "is_weight_item": false, "is_available_in_all_stores": false, "is_batch_item": false}
{"id": 375, "name": "MAJSMEL", "underline": "400 GR. / REMA 1000", "age_limit": null, "hazard_precaution_statements": [], "labels": [{"id": 2, "name": "REMA1000", "image": "https://static-assets.digital.rema1000.dk/product/labels/2-64.webp"}, {"id": 5, "name": "Økologi", "image": "https://static-assets.digital.rema1000.dk/product/labels/5-64.webp"}, {"id": 6, "name": "Økologi", "image": "https://static-assets.digital.rema1000.dk/product/labels/6-64.webp"}], "description": null, "info": "", "images": [{"small": "https://rema-product-images.digital.rema1000.dk/91393/1-small-xQq8gVOaoZ.webp", "medium": "https://rema-product-images.digital.rema1000.dk/91393/1-medium-xQq8gVOaoZ.webp", "large": "https://rema-product-images.digital.rema1000.dk/91393/1-large-xQq8gVOaoZ.webp"}], "prices": [{"price": 14.25, "price_over_max_quantity": null, "max_quantity": null, "is_advertised": false, "is_campaign": false, "starting_at": "2024-01-11T00:00:00+00:00", "ending_at": "2025-09-13T00:00:00+00:00", "deposit": null, "compare_unit": "kg", "compare_unit_price": 35.63, "consumption_unit": null, "consumption_quantity": null}], "temperature_zone": null, "is_self_scale_item": false, "is_weight_item": false, "is_available_in_all_stores": true, "is_batch_item": false}
{"id": 376, "name": "FULDKORNS COUSCOUS", "underline": "400 GR. / REMA 1000", "age_limit": null, "hazard_precaution_statements": [], "labels": [{"id": 2, "name": "REMA1000", "image": "https://static-assets.digital.rema1000.dk/product/labels/2-64.webp"}, {"id": 5, "name": "Økologi", "image": "https://static-assets.digital.rema1000.dk/product/labels/5-64.webp"}, {"id": 6, "name": "Økologi", "image": "https://static-assets.digital.rema1000.dk/product/labels/6-64.webp"}, {"id": 40, "name": "Nøglehul", "image": "https://static-assets.digital.rema1000.dk/product/labels/40-64.webp"}, {"id": 43, "name": "Fuldkorn", "image": "https://static-assets.digital.rema1000.dk/product/labels/43-64.webp"}], "description": null, "info": "", "images": [{"small": "https://rema-product-images.digital.rema1000.dk/91395/1-small-v09gyjJzoA.webp", "medium": "https://rema-product-images.digital.rema1000.dk/91395/1-medium-v09gyjJzoA.webp", "large": "https://rema-product-images.digital.rema1000.dk/91395/1-large-v09gyjJzoA.webp"}], "prices": [{"price": 16.95, "price_over_max_quantity": null, "max_quantity": null, "is_advertised": false, "is_campaign": false, "starting_at": "2023-01-05T00:00:00+00:00", "ending_at": "2025-09-13T00:00:00+00:00", "deposit": null, "compare_unit": "kg", "compare_unit_price": 42.38, "consumption_unit": null, "consumption_quantity": null}], "temperature_zone": null, "is_self_scale_item": false, "is_weight_item": false, "is_available_in_all_stores": true, "is_batch_item": false}
{"id": 377, "name": "RØDE SPLITLINSER", "underline": "400 GR. / REMA 1000", "age_limit": null, "hazard_precaution_statements": [], "labels": [{"id": 2, "name": "REMA1000", "image": "https://static-assets.digital.rema1000.dk/product/labels/2-64.webp"}, {"id": 5, "name": "Økologi", "image": "https://static-assets.digital.rema1000.dk/product/labels/5-64.webp"}, {"id": 6, "name": "Økologi", "image": "https://static-assets.digital.rema1000.dk/product/labels/6-64.webp"}, {"id": 40, "name": "Nøglehul", "image": "https://static-assets.digital.rema1000.dk/product/labels/40-64.webp"}], "description": null, "info": "", "images": [{"small": "https://rema-product-images.digital.rema1000.dk/91398/1-small-Al90WjVEq8.webp", "medium": "https://rema-product-images.digital.rema1000.dk/91398/1-medium-Al90WjVEq8.webp", "large": "https://rema-product-images.digital.rema1000.dk/91398/1-large-Al90WjVEq8.webp"}], "prices": [{"price": 16.95, "price_over_max_quantity": null, "max_quantity": null, "is_advertised": false, "is_campaign": false, "starting_at": "2023-01-05T00:00:00+00:00", "ending_at": "2025-09-13T00:00:00+00:00", "deposit": null, "compare_unit": "kg", "compare_unit_price": 42.38, "consumption_unit": null, "consumption_quantity": null}], "temperature_zone": null, "is_self_scale_item": false, "is_weight_item": false, "is_available_in_all_stores": true, "is_batch_item": false}
{"id": 378, "name": "GRØNNE LINSER", "underline": "400 GR. / REMA 1000", "age_limit": null, "hazard_precaution_statements": [], "labels": [{"id": 2, "name": "REMA1000", "image": "https://static-assets.digital.rema1000.dk/product/labels/2-64.webp"}, {"id": 5, "name": "Økologi", "image": "https://static-assets.digital.rema1000.dk/product/labels/5-64.webp"}, {"id": 6, "name": "Økologi", "image": "https://static-assets.digital.rema1000.dk/product/labels/6-64.webp"}, {"id": 40, "name": "Nøglehul", "image": "https://static-assets.digital.rema1000.dk/product/labels/40-64.webp"}], "description": null, "info": "", "images": [{"small": "https://rema-product-images.digital.rema1000.dk/91399/1-small-A5qVzy0Rqa.webp", "medium": "https://rema-product-images.digital.rema1000.dk/91399/1-medium-A5qVzy0Rqa.webp", "large": "https://rema-product-images.digital.rema1000.dk/91399/1-large-A5qVzy0Rqa.webp"}], "prices": [{"price": 16.95, "price_over_max_quantity": null, "max_quantity": null, "is_advertised": false, "is_campaign": false, "starting_at": "2023-01-05T00:00:00+00:00", "ending_at": "2025-09-13T00:00:00+00:00", "deposit": null, "compare_unit": "kg", "compare_unit_price": 42.38, "consumption_unit": null, "consumption_quantity": null}], "temperature_zone": null, "is_self_scale_item": false, "is_weight_item": false, "is_available_in_all_stores": true, "is_batch_item": false}
{"id": 379, "name": "POPCORN MAJS", "underline": "400 GR. / REMA 1000", "age_limit": null, "hazard_precaution_statements": [], "labels": [{"id": 2, "name": "REMA1000", "image": "https://static-assets.digital.rema1000.dk/product/labels/2-64.webp"}, {"id": 5, "name": "Økologi", "image": "https://static-assets.digital.rema1000.dk/product/labels/5-64.webp"}, {"id": 6, "name": "Økologi", "image": "https://static-assets.digital.rema1000.dk/product/labels/6-64.webp"}], "description": null, "info": "", "images": [{"small": "https://rema-product-images.digital.rema1000.dk/91411/1-small-A5qVzy01qa.webp", "medium": "https://rema-product-images.digital.rema1000.dk/91411/1-medium-A5qVzy01qa.webp", "large": "https://rema-product-images.digital.rema1000.dk/91411/1-large-A5qVzy01qa.webp"}], "prices": [{"price": 16.95, "price_over_max_quantity": null, "max_quantity": null, "is_advertised": false, "is_campaign": false, "starting_at": "2023-01-05T00:00:00+00:00", "ending_at": "2025-09-13T00:00:00+00:00", "deposit": null, "compare_unit": "kg", "compare_unit_price": 42.38, "consumption_unit": null, "consumption_quantity": null}], "temperature_zone": null, "is_self_scale_item": false, "is_weight_item": false, "is_available_in_all_stores": true, "is_batch_item": false}
{"id": 380, "name": "POKE- OG SUSHI RIS", "underline": "500 GR.", "age_limit": null, "hazard_precaution_statements": [], "labels": [], "description": null, "info": "", "images": [{"small": "https://rema-product-images.digital.rema1000.dk/91491/1-small-3MoMVel4q5.webp", "medium": "https://rema-product-images.digital.rema1000.dk/91491/1-medium-3MoMVel4q5.webp", "large": "https://rema-product-images.digital.rema1000.dk/91491/1-large-3MoMVel4q5.webp"}], "prices": [{"price": 15, "price_over_max_quantity": null, "max_quantity": null, "is_advertised": false, "is_campaign": false, "starting_at": "2024-08-24T00:00:00+00:00", "ending_at": "2025-09-06T00:00:00+00:00", "deposit": null, "compare_unit": "kg", "compare_unit_price": 30, "consumption_unit": null, "consumption_quantity": null}], "temperature_zone": null, "is_self_scale_item": false, "is_weight_item": false, "is_available_in_all_stores": true, "is_batch_item": false}
{"id": 381, "name": "MANDEL AROMA", "underline": "38 ML. / DR.OETKER", "age_limit": null, "hazard_precaution_statements": [], "labels": [], "description": null, "info": "", "images": [{"small": "https://rema-product-images.digital.rema1000.dk/91671/1-small-OW9OVR43qg.webp", "medium": "https://rema-product-images.digital.rema1000.dk/91671/1-medium-OW9OVR43qg.webp", "large": "https://rema-product-images.digital.rema1000.dk/91671/1-large-OW9OVR43qg.webp"}], "prices": [{"price": 12.95, "price_over_max_quantity": null, "max_quantity": null, "is_advertised": false, "is_campaign": false, "starting_at": "2024-01-11T00:00:00+00:00", "ending_at": "2099-12-31T00:00:00+00:00", "deposit": null, "compare_unit": "ltr", "compare_unit_price": 340.79, "consumption_unit": null, "consumption_quantity": null}], "temperature_zone": null, "is_self_scale_item": false, "is_weight_item": false, "is_available_in_all_stores": false, "is_batch_item": false}
{"id": 382, "name": "ROM AROMA", "underline": "38 ML. / DR.OETKER", "age_limit": null, "hazard_precaution_statements": [], "labels": [], "description": "Dr. Oetker Romaroma giver dit bagværk, dine desserter samt din konfekt en dejlig romsmag. Romaromaen er også fortrinlig til rombudding. Få inspiration hertil under produkterne Budding med vaniljesmag og Budding med mandelsmag. Dr. Oetker Romaroma fås i plastflasker á 38 ml", "info": "", "images": [{"small": "https://rema-product-images.digital.rema1000.dk/91672/1-small-xyqajKLO9D.webp", "medium": "https://rema-product-images.digital.rema1000.dk/91672/1-medium-xyqajKLO9D.webp", "large": "https://rema-product-images.digital.rema1000.dk/91672/1-large-xyqajKLO9D.webp"}], "prices": [{"price": 12.95, "price_over_max_quantity": null, "max_quantity": null, "is_advertised": false, "is_campaign": false, "starting_at": "2024-01-11T00:00:00+00:00", "ending_at": "2099-12-31T00:00:00+00:00", "deposit": null, "compare_unit": "ltr", "compare_unit_price": 340.79, "consumption_unit": null, "consumption_quantity": null}], "temperature_zone": null, "is_self_scale_item": false, "is_weight_item": false, "is_available_in_all_stores": false, "is_batch_item": false}
{"id": 383, "name": "VANILJE AROMA", "underline": "38 ML. / DR.OETKER", "age_limit": null, "hazard_precaution_statements": [], "labels": [], "description": null, "info": "", "images": [{"small": "https://rema-product-images.digital.rema1000.dk/91673/1-small-pYqxnKD8P1.webp", "medium": "https://rema-product-images.digital.rema1000.dk/91673/1-medium-pYqxnKD8P1.webp", "large": "https://rema-product-images.digital.rema1000.dk/91673/1-large-pYqxnKD8P1.webp"}], "prices": [{"price": 12.95, "price_over_max_quantity": null, "max_quantity": null, "is_advertised": false, "is_campaign": false, "starting_at": "2023-02-02T00:00:00+00:00", "ending_at": "2099-12-31T00:00:00+00:00", "deposit": null, "compare_unit": "ltr", "compare_unit_price": 340.79, "consumption_unit": null, "consumption_quantity": null}], "temperature_zone": null, "is_self_scale_item": false, "is_weight_item": false, "is_available_in_all_stores": false, "is_batch_item": false}
{"id": 384, "name": "FARVE GUL", "underline": "30 GR. / DR.OETKER", "age_limit": null, "hazard_precaution_statements": [], "labels": [], "description": null, "info": "", "images": [{"small": "https://rema-product-images.digital.rema1000.dk/91867/1-small-MNqZna3YqA.webp", "medium": "https://rema-product-images.digital.rema1000.dk/91867/1-medium-MNqZna3YqA.webp", "large": "https://rema-product-images.digital.rema1000.dk/91867/1-large-MNqZna3YqA.webp"}], "prices": [{"price": 13.95, "price_over_max_quantity": null, "max_quantity": null, "is_advertised": false, "is_campaign": false, "starting_at": "2024-01-11T00:00:00+00:00", "ending_at": "2099-12-31T00:00:00+00:00", "deposit": null, "compare_unit": "kg", "compare_unit_price": 465, "consumption_unit": null, "consumption_quantity": null}], "temperature_zone": null, "is_self_scale_item": false, "is_weight_item": false, "is_available_in_all_stores": true, "is_batch_item": false}
{"id": 385, "name": "BULGUR", "underline": "400 GR. / REMA 1000", "age_limit": null, "hazard_precaution_statements": [], "labels": [{"id": 2, "name": "REMA1000", "image": "https://static-assets.digital.rema1000.dk/product/labels/2-64.webp"}, {"id": 5, "name": "Økologi", "image": "https://static-assets.digital.rema1000.dk/product/labels/5-64.webp"}, {"id": 6, "name": "Økologi", "image": "https://static-assets.digital.rema1000.dk/product/labels/6-64.webp"}, {"id": 40, "name": "Nøglehul", "image": "https://static-assets.digital.rema1000.dk/product/labels/40-64.webp"}], "description": null, "info": "", "images": [{"small": "https://rema-product-images.digital.rema1000.dk/92350/1-small-vVoryEkDP3.webp", "medium": "https://rema-product-images.digital.rema1000.dk/92350/1-medium-vVoryEkDP3.webp", "large": "https://rema-product-images.digital.rema1000.dk/92350/1-large-vVoryEkDP3.webp"}], "prices": [{"price": 16.95, "price_over_max_quantity": null, "max_quantity": null, "is_advertised": false, "is_campaign": false, "starting_at": "2023-01-05T00:00:00+00:00", "ending_at": "2025-09-13T00:00:00+00:00", "deposit": null, "compare_unit": "kg", "compare_unit_price": 42.38, "consumption_unit": null, "consumption_quantity": null}], "temperature_zone": null, "is_self_scale_item": false, "is_weight_item": false, "is_available_in_all_stores": true, "is_batch_item": false}
{"id": 386, "name": "BLÅ BIRKES", "underline": "50 GR. / SVANSØ", "age_limit": null, "hazard_precaution_statements": [], "labels": [], "description": null, "info": "", "images": [{"small": "https://rema-product-images.digital.rema1000.dk/92460/1-small-6xqAzrJ79D.webp", "medium": "https://rema-product-images.digital.rema1000.dk/92460/1-medium-6xqAzrJ79D.webp", "large": "https://rema-product-images.digital.rema1000.dk/92460/1-large-6xqAzrJ79D.webp"}], "prices": [{"price": 5.95, "price_over_max_quantity": null, "max_quantity": null, "is_advertised": false, "is_campaign": false, "starting_at": "2023-02-09T00:00:00+00:00", "ending_at": "2099-12-31T00:00:00+00:00", "deposit": null, "compare_unit": "kg", "compare_unit_price": 119, "consumption_unit": null, "consumption_quantity": null}], "temperature_zone": null, "is_self_scale_item": false, "is_weight_item": false, "is_available_in_all_stores": true, "is_batch_item": false}
{"id": 387, "name": "HUSBLAS", "underline": "20 GR. / DR.OETKER", "age_limit": null, "hazard_precaution_statements": [], "labels": [], "description": null, "info": "", "images": [{"small": "https://rema-product-images.digital.rema1000.dk/92511/1-small-A5qVzy51qa.webp", "medium": "https://rema-product-images.digital.rema1000.dk/92511/1-medium-A5qVzy51qa.webp", "large": "https://rema-product-images.digital.rema1000.dk/92511/1-large-A5qVzy51qa.webp"}], "prices": [{"price": 9.95, "price_over_max_quantity": null, "max_quantity": null, "is_advertised": false, "is_campaign": false, "starting_at": "2023-02-02T00:00:00+00:00", "ending_at": "2099-12-31T00:00:00+00:00", "deposit": null, "compare_unit": "kg", "compare_unit_price": 497.5, "consumption_unit": null, "consumption_quantity": null}], "temperature_zone": null, "is_self_scale_item": false, "is_weight_item": false, "is_available_in_all_stores": true, "is_batch_item": false}
{"id": 388, "name": "AROMAT", "underline": "90 GR. / KNORR", "age_limit": null, "hazard_precaution_statements": [], "labels": [], "description": null, "info": "", "images": [{"small": "https://rema-product-images.digital.rema1000.dk/93425/1-small-Ea91Z01VPz.webp", "medium": "https://rema-product-images.digital.rema1000.dk/93425/1-medium-Ea91Z01VPz.webp", "large": "https://rema-product-images.digital.rema1000.dk/93425/1-large-Ea91Z01VPz.webp"}], "prices": [{"price": 17.95, "price_over_max_quantity": null, "max_quantity": null, "is_advertised": false, "is_campaign": false, "starting_at": "2023-02-09T00:00:00+00:00", "ending_at": "2099-12-31T00:00:00+00:00", "deposit": null, "compare_unit": "kg", "compare_unit_price": 199.44, "consumption_unit": null, "consumption_quantity": null}], "temperature_zone": null, "is_self_scale_item": false, "is_weight_item": false, "is_available_in_all_stores": true, "is_batch_item": false}
{"id": 389, "name": "ALLROUND MARINADE", "underline": "75 GR. / SANTA MARIA", "age_limit": null, "hazard_precaution_statements": [], "labels": [], "description": null, "info": "", "images": [{"small": "https://rema-product-images.digital.rema1000.dk/93520/1-small-AKqebQVO9p.webp", "medium": "https://rema-product-images.digital.rema1000.dk/93520/1-medium-AKqebQVO9p.webp", "large": "https://rema-product-images.digital.rema1000.dk/93520/1-large-AKqebQVO9p.webp"}], "prices": [{"price": 6.5, "price_over_max_quantity": null, "max_quantity": null, "is_advertised": false, "is_campaign": false, "starting_at": "2023-03-16T00:00:00+00:00", "ending_at": "2099-12-31T00:00:00+00:00", "deposit": null, "compare_unit": "kg", "compare_unit_price": 86.67, "consumption_unit": null, "consumption_quantity": null}], "temperature_zone": null, "is_self_scale_item": false, "is_weight_item": false, "is_available_in_all_stores": true, "is_batch_item": false}
{"id": 390, "name": "GARLIC MARINADE", "underline": "75 GR. / SANTA MARIA", "age_limit": null, "hazard_precaution_statements": [], "labels": [], "description": null, "info": "", "images": [{"small": "https://rema-product-images.digital.rema1000.dk/93521/1-small-bJ9Ya7Xx9L.webp", "medium": "https://rema-product-images.digital.rema1000.dk/93521/1-medium-bJ9Ya7Xx9L.webp", "large": "https://rema-product-images.digital.rema1000.dk/93521/1-large-bJ9Ya7Xx9L.webp"}], "prices": [{"price": 6.5, "price_over_max_quantity": null, "max_quantity": null, "is_advertised": false, "is_campaign": false, "starting_at": "2023-03-16T00:00:00+00:00", "ending_at": "2099-12-31T00:00:00+00:00", "deposit": null, "compare_unit": "kg", "compare_unit_price": 86.67, "consumption_unit": null, "consumption_quantity": null}], "temperature_zone": null, "is_self_scale_item": false, "is_weight_item": false, "is_available_in_all_stores": true, "is_batch_item": false}
{"id": 391, "name": "CHICKEN MARINADE", "underline": "75 GR. / SANTA MARIA", "age_limit": null, "hazard_precaution_statements": [], "labels": [], "description": null, "info": "", "images": [{"small": "https://rema-product-images.digital.rema1000.dk/93545/1-small-ElPB1rA19k.webp", "medium": "https://rema-product-images.digital.rema1000.dk/93545/1-medium-ElPB1rA19k.webp", "large": "https://rema-product-images.digital.rema1000.dk/93545/1-large-ElPB1rA19k.webp"}], "prices": [{"price": 6.5, "price_over_max_quantity": null, "max_quantity": null, "is_advertised": false, "is_campaign": false, "starting_at": "2023-03-16T00:00:00+00:00", "ending_at": "2099-12-31T00:00:00+00:00", "deposit": null, "compare_unit": "kg", "compare_unit_price": 86.67, "consumption_unit": null, "consumption_quantity": null}], "temperature_zone": null, "is_self_scale_item": false, "is_weight_item": false, "is_available_in_all_stores": true, "is_batch_item": false}
{"id": 392, "name": "SALT M/ JOD", "underline": "1 KG. / SALINA, FINT", "age_limit": null, "hazard_precaution_statements": [], "labels": [], "description": null, "info": "", "images": [{"small": "https://rema-product-images.digital.rema1000.dk/93605/1-small-xQq8gWr2oZ.webp", "medium": "https://rema-product-images.digital.rema1000.dk/93605/1-medium-xQq8gWr2oZ.webp", "large": "https://rema-product-images.digital.rema1000.dk/93605/1-large-xQq8gWr2oZ.webp"}], "prices": [{"price": 4.75, "price_over_max_quantity": null, "max_quantity": null, "is_advertised": false, "is_campaign": false, "starting_at": "2023-02-09T00:00:00+00:00", "ending_at": "2099-12-31T00:00:00+00:00", "deposit": null, "compare_unit": "kg", "compare_unit_price": 4.75, "consumption_unit": null, "consumption_quantity": null}], "temperature_zone": null, "is_self_scale_item": false, "is_weight_item": false, "is_available_in_all_stores": true, "is_batch_item": false}
{"id": 393, "name": "SALT M/JOD", "underline": "800 GR. / SALINA, GROV", "age_limit": null, "hazard_precaution_statements": [], "labels": [], "description": null, "info": "", "images": [{"small": "https://rema-product-images.digital.rema1000.dk/93612/1-small-18oXzKQE9k.webp", "medium": "https://rema-product-images.digital.rema1000.dk/93612/1-medium-18oXzKQE9k.webp", "large": "https://rema-product-images.digital.rema1000.dk/93612/1-large-18oXzKQE9k.webp"}], "prices": [{"price": 4.4, "price_over_max_quantity": null, "max_quantity": null, "is_advertised": false, "is_campaign": false, "starting_at": "2023-10-05T00:00:00+00:00", "ending_at": "2099-12-31T00:00:00+00:00", "deposit": null, "compare_unit": "kg", "compare_unit_price": 5.5, "consumption_unit": null, "consumption_quantity": null}], "temperature_zone": null, "is_self_scale_item": false, "is_weight_item": false, "is_available_in_all_stores": true, "is_batch_item": false}
{"id": 394, "name": "BORDSALT  M/JOD", "underline": "125 GR. / STRØDÅSE", "age_limit": null, "hazard_precaution_statements": [], "labels": [], "description": null, "info": "", "images": [{"small": "https://rema-product-images.digital.rema1000.dk/93615/1-small-KpqRrBN3qL.webp", "medium": "https://rema-product-images.digital.rema1000.dk/93615/1-medium-KpqRrBN3qL.webp", "large": "https://rema-product-images.digital.rema1000.dk/93615/1-large-KpqRrBN3qL.webp"}], "prices": [{"price": 4.95, "price_over_max_quantity": null, "max_quantity": null, "is_advertised": false, "is_campaign": false, "starting_at": "2022-02-03T00:00:00+00:00", "ending_at": "2099-12-31T00:00:00+00:00", "deposit": null, "compare_unit": "kg", "compare_unit_price": 39.6, "consumption_unit": null, "consumption_quantity": null}], "temperature_zone": null, "is_self_scale_item": false, "is_weight_item": false, "is_available_in_all_stores": true, "is_batch_item": false}
{"id": 395, "name": "ISLANDSK FLAGESALT", "underline": "250 GR. / NORDUR", "age_limit": null, "hazard_precaution_statements": [], "labels": [], "description": null, "info": "", "images": [{"small": "https://rema-product-images.digital.rema1000.dk/93632/1-small-nDPWJVYp9W.webp", "medium": "https://rema-product-images.digital.rema1000.dk/93632/1-medium-nDPWJVYp9W.webp", "large": "https://rema-product-images.digital.rema1000.dk/93632/1-large-nDPWJVYp9W.webp"}], "prices": [{"price": 32.95, "price_over_max_quantity": null, "max_quantity": null, "is_advertised": false, "is_campaign": false, "starting_at": "2023-05-11T00:00:00+00:00", "ending_at": "2099-12-31T00:00:00+00:00", "deposit": null, "compare_unit": "kg", "compare_unit_price": 131.8, "consumption_unit": null, "consumption_quantity": null}], "temperature_zone": null, "is_self_scale_item": false, "is_weight_item": false, "is_available_in_all_stores": true, "is_batch_item": false}
{"id": 396, "name": "MIDDELHAVSSALT", "underline": "900 GR. / FRANSK", "age_limit": null, "hazard_precaution_statements": [], "labels": [], "description": null, "info": "", "images": [{"small": "https://rema-product-images.digital.rema1000.dk/93637/1-small-JzPJng15Pk.webp", "medium": "https://rema-product-images.digital.rema1000.dk/93637/1-medium-JzPJng15Pk.webp", "large": "https://rema-product-images.digital.rema1000.dk/93637/1-large-JzPJng15Pk.webp"}], "prices": [{"price": 9.95, "price_over_max_quantity": null, "max_quantity": null, "is_advertised": false, "is_campaign": false, "starting_at": "2008-11-10T00:00:00+00:00", "ending_at": "2099-12-31T00:00:00+00:00", "deposit": null, "compare_unit": "kg", "compare_unit_price": 11.06, "consumption_unit": null, "consumption_quantity": null}], "temperature_zone": null, "is_self_scale_item": false, "is_weight_item": false, "is_available_in_all_stores": true, "is_batch_item": false}
{"id": 397, "name": "ATAMON", "underline": "250 ML. / TØRSLEFFS", "age_limit": null, "hazard_precaution_statements": [], "labels": [], "description": "Flydende konservering.", "info": "", "images": [{"small": "https://rema-product-images.digital.rema1000.dk/94025/1-small-Ea91Z02RPz.webp", "medium": "https://rema-product-images.digital.rema1000.dk/94025/1-medium-Ea91Z02RPz.webp", "large": "https://rema-product-images.digital.rema1000.dk/94025/1-large-Ea91Z02RPz.webp"}], "prices": [{"price": 14.95, "price_over_max_quantity": null, "max_quantity": null, "is_advertised": false, "is_campaign": false, "starting_at": "2023-02-09T00:00:00+00:00", "ending_at": "2099-12-31T00:00:00+00:00", "deposit": null, "compare_unit": "ltr", "compare_unit_price": 59.8, "consumption_unit": null, "consumption_quantity": null}], "temperature_zone": null, "is_self_scale_item": false, "is_weight_item": false, "is_available_in_all_stores": false, "is_batch_item": false}
{"id": 398, "name": "RØD MELATIN", "underline": "25 GR. / TØRSLEFFS", "age_limit": null, "hazard_precaution_statements": [], "labels": [], "description": null, "info": "", "images": [{"small": "https://rema-product-images.digital.rema1000.dk/94109/1-small-aboK81Bmqp.webp", "medium": "https://rema-product-images.digital.rema1000.dk/94109/1-medium-aboK81Bmqp.webp", "large": "https://rema-product-images.digital.rema1000.dk/94109/1-large-aboK81Bmqp.webp"}], "prices": [{"price": 14.95, "price_over_max_quantity": null, "max_quantity": null, "is_advertised": false, "is_campaign": false, "starting_at": "2023-02-23T00:00:00+00:00", "ending_at": "2099-12-31T00:00:00+00:00", "deposit": null, "compare_unit": "kg", "compare_unit_price": 598, "consumption_unit": null, "consumption_quantity": null}], "temperature_zone": null, "is_self_scale_item": false, "is_weight_item": false, "is_available_in_all_stores": true, "is_batch_item": false}
{"id": 399, "name": "KAGECREME VANILJE", "underline": "255 GR. / DR.OETKER", "age_limit": null, "hazard_precaution_statements": [], "labels": [], "description": null, "info": "", "images": [{"small": "https://rema-product-images.digital.rema1000.dk/95158/1-small-3MovlQyk9A.webp", "medium": "https://rema-product-images.digital.rema1000.dk/95158/1-medium-3MovlQyk9A.webp", "large": "https://rema-product-images.digital.rema1000.dk/95158/1-large-3MovlQyk9A.webp"}], "prices": [{"price": 19.95, "price_over_max_quantity": null, "max_quantity": null, "is_advertised": false, "is_campaign": false, "starting_at": "2024-10-03T00:00:00+00:00", "ending_at": "2099-12-31T00:00:00+00:00", "deposit": null, "compare_unit": "kg", "compare_unit_price": 78.24, "consumption_unit": null, "consumption_quantity": null}], "temperature_zone": null, "is_self_scale_item": false, "is_weight_item": false, "is_available_in_all_stores": true, "is_batch_item": false}
{"id": 400, "name": "NUDLER", "underline": "250 GR. / REMA 1000", "age_limit": null, "hazard_precaution_statements": [], "labels": [{"id": 2, "name": "REMA1000", "image": "https://static-assets.digital.rema1000.dk/product/labels/2-64.webp"}], "description": null, "info": "", "images": [{"small": "https://rema-product-images.digital.rema1000.dk/96652/1-small-NpP7krMlPO.webp", "medium": "https://rema-product-images.digital.rema1000.dk/96652/1-medium-NpP7krMlPO.webp", "large": "https://rema-product-images.digital.rema1000.dk/96652/1-large-NpP7krMlPO.webp"}], "prices": [{"price": 6.95, "price_over_max_quantity": null, "max_quantity": null, "is_advertised": false, "is_campaign": false, "starting_at": "2022-03-24T00:00:00+00:00", "ending_at": "2099-12-31T00:00:00+00:00", "deposit": null, "compare_unit": "kg", "compare_unit_price": 27.8, "consumption_unit": null, "consumption_quantity": null}], "temperature_zone": null, "is_self_scale_item": false, "is_weight_item": false, "is_available_in_all_stores": true, "is_batch_item": false}
{"id": 401, "name": "FUSILLI  N°108", "underline": "500 GR. / LA MOLISANA", "age_limit": null, "hazard_precaution_statements": [], "labels": [], "description": null, "info": "", "images": [{"small": "https://rema-product-images.digital.rema1000.dk/96672/1-small-xyqajGml9D.webp", "medium": "https://rema-product-images.digital.rema1000.dk/96672/1-medium-xyqajGml9D.webp", "large": "https://rema-product-images.digital.rema1000.dk/96672/1-large-xyqajGml9D.webp"}], "prices": [{"price": 12.95, "price_over_max_quantity": null, "max_quantity": null, "is_advertised": false, "is_campaign": false, "starting_at": "2022-04-01T00:00:00+00:00", "ending_at": "2099-12-31T00:00:00+00:00", "deposit": null, "compare_unit": "kg", "compare_unit_price": 25.9, "consumption_unit": null, "consumption_quantity": null}], "temperature_zone": null, "is_self_scale_item": false, "is_weight_item": false, "is_available_in_all_stores": true, "is_batch_item": false}
{"id": 402, "name": "FETTUCCINE N°5", "underline": "500 GR. / LA MOLISANA", "age_limit": null, "hazard_precaution_statements": [], "labels": [{"id": 5, "name": "Økologi", "image": "https://static-assets.digital.rema1000.dk/product/labels/5-64.webp"}], "description": null, "info": "", "images": [{"small": "https://rema-product-images.digital.rema1000.dk/96673/1-small-pYqxn252P1.webp", "medium": "https://rema-product-images.digital.rema1000.dk/96673/1-medium-pYqxn252P1.webp", "large": "https://rema-product-images.digital.rema1000.dk/96673/1-large-pYqxn252P1.webp"}], "prices": [{"price": 12.95, "price_over_max_quantity": null, "max_quantity": null, "is_advertised": false, "is_campaign": false, "starting_at": "2022-04-01T00:00:00+00:00", "ending_at": "2099-12-31T00:00:00+00:00", "deposit": null, "compare_unit": "kg", "compare_unit_price": 25.9, "consumption_unit": null, "consumption_quantity": null}], "temperature_zone": null, "is_self_scale_item": false, "is_weight_item": false, "is_available_in_all_stores": true, "is_batch_item": false}
{"id": 403, "name": "RADIATORI  N°73", "underline": "500 GR. / LA MOLISANA", "age_limit": null, "hazard_precaution_statements": [], "labels": [], "description": null, "info": "", "images": [{"small": "https://rema-product-images.digital.rema1000.dk/96674/1-small-869D7KGBqM.webp", "medium": "https://rema-product-images.digital.rema1000.dk/96674/1-medium-869D7KGBqM.webp", "large": "https://rema-product-images.digital.rema1000.dk/96674/1-large-869D7KGBqM.webp"}], "prices": [{"price": 12.95, "price_over_max_quantity": null, "max_quantity": null, "is_advertised": false, "is_campaign": false, "starting_at": "2022-04-01T00:00:00+00:00", "ending_at": "2099-12-31T00:00:00+00:00", "deposit": null, "compare_unit": "kg", "compare_unit_price": 25.9, "consumption_unit": null, "consumption_quantity": null}], "temperature_zone": null, "is_self_scale_item": false, "is_weight_item": false, "is_available_in_all_stores": true, "is_batch_item": false}
{"id": 404, "name": "FETTUCCINE", "underline": "250 GR. / CUCINA", "age_limit": null, "hazard_precaution_statements": [], "labels": [], "description": null, "info": "", "images": [{"small": "https://rema-product-images.digital.rema1000.dk/96682/1-small-MBoNnvMgov.webp", "medium": "https://rema-product-images.digital.rema1000.dk/96682/1-medium-MBoNnvMgov.webp", "large": "https://rema-product-images.digital.rema1000.dk/96682/1-large-MBoNnvMgov.webp"}], "prices": [{"price": 15.95, "price_over_max_quantity": null, "max_quantity": null, "is_advertised": false, "is_campaign": false, "starting_at": "2025-06-01T00:00:00+00:00", "ending_at": "2025-08-30T00:00:00+00:00", "deposit": null, "compare_unit": "kg", "compare_unit_price": 63.8, "consumption_unit": null, "consumption_quantity": null}], "temperature_zone": null, "is_self_scale_item": false, "is_weight_item": false, "is_available_in_all_stores": true, "is_batch_item": false}
{"id": 405, "name": "CUPNUDLER OKSEKØD", "underline": "65 GR. / REMA 1000", "age_limit": null, "hazard_precaution_statements": [], "labels": [{"id": 2, "name": "REMA1000", "image": "https://static-assets.digital.rema1000.dk/product/labels/2-64.webp"}], "description": null, "info": "", "images": [{"small": "https://rema-product-images.digital.rema1000.dk/96958/1-small-3Movlyj49A.webp", "medium": "https://rema-product-images.digital.rema1000.dk/96958/1-medium-3Movlyj49A.webp", "large": "https://rema-product-images.digital.rema1000.dk/96958/1-large-3Movlyj49A.webp"}], "prices": [{"price": 5.75, "price_over_max_quantity": null, "max_quantity": null, "is_advertised": false, "is_campaign": false, "starting_at": "2024-07-18T00:00:00+00:00", "ending_at": "2025-09-06T00:00:00+00:00", "deposit": null, "compare_unit": "kg", "compare_unit_price": 88.46, "consumption_unit": null, "consumption_quantity": null}], "temperature_zone": null, "is_self_scale_item": false, "is_weight_item": false, "is_available_in_all_stores": true, "is_batch_item": false}
{"id": 406, "name": "CUPNUDLER KYLLING", "underline": "65 GR. / REMA 1000", "age_limit": null, "hazard_precaution_statements": [], "labels": [{"id": 2, "name": "REMA1000", "image": "https://static-assets.digital.rema1000.dk/product/labels/2-64.webp"}], "description": null, "info": "", "images": [{"small": "https://rema-product-images.digital.rema1000.dk/96959/1-small-KpqRrMX3qL.webp", "medium": "https://rema-product-images.digital.rema1000.dk/96959/1-medium-KpqRrMX3qL.webp", "large": "https://rema-product-images.digital.rema1000.dk/96959/1-large-KpqRrMX3qL.webp"}], "prices": [{"price": 5.75, "price_over_max_quantity": null, "max_quantity": null, "is_advertised": false, "is_campaign": false, "starting_at": "2024-07-18T00:00:00+00:00", "ending_at": "2025-09-06T00:00:00+00:00", "deposit": null, "compare_unit": "kg", "compare_unit_price": 88.46, "consumption_unit": null, "consumption_quantity": null}], "temperature_zone": null, "is_self_scale_item": false, "is_weight_item": false, "is_available_in_all_stores": true, "is_batch_item": false}
{"id": 407, "name": "NUDLER M/OKSESMAG", "underline": "85 GR. / REMA 1000", "age_limit": null, "hazard_precaution_statements": [], "labels": [{"id": 2, "name": "REMA1000", "image": "https://static-assets.digital.rema1000.dk/product/labels/2-64.webp"}], "description": null, "info": "", "images": [{"small": "https://rema-product-images.digital.rema1000.dk/97321/1-small-bJ9Yad6k9L.webp", "medium": "https://rema-product-images.digital.rema1000.dk/97321/1-medium-bJ9Yad6k9L.webp", "large": "https://rema-product-images.digital.rema1000.dk/97321/1-large-bJ9Yad6k9L.webp"}], "prices": [{"price": 2.95, "price_over_max_quantity": null, "max_quantity": null, "is_advertised": false, "is_campaign": false, "starting_at": "2023-01-26T00:00:00+00:00", "ending_at": "2099-12-31T00:00:00+00:00", "deposit": null, "compare_unit": "kg", "compare_unit_price": 34.71, "consumption_unit": null, "consumption_quantity": null}], "temperature_zone": null, "is_self_scale_item": false, "is_weight_item": false, "is_available_in_all_stores": true, "is_batch_item": false}
{"id": 408, "name": "NUDLER M/KYLLINGSMAG", "underline": "85 GR. / REMA 1000", "age_limit": null, "hazard_precaution_statements": [], "labels": [{"id": 2, "name": "REMA1000", "image": "https://static-assets.digital.rema1000.dk/product/labels/2-64.webp"}], "description": null, "info": "", "images": [{"small": "https://rema-product-images.digital.rema1000.dk/97322/1-small-pyozd3Rw9X.webp", "medium": "https://rema-product-images.digital.rema1000.dk/97322/1-medium-pyozd3Rw9X.webp", "large": "https://rema-product-images.digital.rema1000.dk/97322/1-large-pyozd3Rw9X.webp"}], "prices": [{"price": 2.95, "price_over_max_quantity": null, "max_quantity": null, "is_advertised": false, "is_campaign": false, "starting_at": "2023-01-26T00:00:00+00:00", "ending_at": "2099-12-31T00:00:00+00:00", "deposit": null, "compare_unit": "kg", "compare_unit_price": 34.71, "consumption_unit": null, "consumption_quantity": null}], "temperature_zone": null, "is_self_scale_item": false, "is_weight_item": false, "is_available_in_all_stores": true, "is_batch_item": false}
{"id": 409, "name": "GULE ÆRTER", "underline": "450 GR. / MØLLERENS", "age_limit": null, "hazard_precaution_statements": [], "labels": [], "description": null, "info": "", "images": [{"small": "https://rema-product-images.digital.rema1000.dk/97915/1-small-KpqRrMWNqL.webp", "medium": "https://rema-product-images.digital.rema1000.dk/97915/1-medium-KpqRrMWNqL.webp", "large": "https://rema-product-images.digital.rema1000.dk/97915/1-large-KpqRrMWNqL.webp"}], "prices": [{"price": 17.95, "price_over_max_quantity": null, "max_quantity": null, "is_advertised": false, "is_campaign": false, "starting_at": "2022-01-20T00:00:00+00:00", "ending_at": "2099-12-31T00:00:00+00:00", "deposit": null, "compare_unit": "kg", "compare_unit_price": 39.89, "consumption_unit": null, "consumption_quantity": null}], "temperature_zone": null, "is_self_scale_item": false, "is_weight_item": false, "is_available_in_all_stores": true, "is_batch_item": false}
{"id": 410, "name": "VILDE RIS", "underline": "1 KG. / REMA 1000", "age_limit": null, "hazard_precaution_statements": [], "labels": [{"id": 2, "name": "REMA1000", "image": "https://static-assets.digital.rema1000.dk/product/labels/2-64.webp"}], "description": null, "info": "", "images": [{"small": "https://rema-product-images.digital.rema1000.dk/98114/1-small-3MovlyAG9A.webp", "medium": "https://rema-product-images.digital.rema1000.dk/98114/1-medium-3MovlyAG9A.webp", "large": "https://rema-product-images.digital.rema1000.dk/98114/1-large-3MovlyAG9A.webp"}], "prices": [{"price": 24.95, "price_over_max_quantity": null, "max_quantity": null, "is_advertised": false, "is_campaign": false, "starting_at": "2024-03-07T00:00:00+00:00", "ending_at": "2099-12-31T00:00:00+00:00", "deposit": null, "compare_unit": "kg", "compare_unit_price": 24.95, "consumption_unit": null, "consumption_quantity": null}], "temperature_zone": null, "is_self_scale_item": false, "is_weight_item": false, "is_available_in_all_stores": true, "is_batch_item": false}
{"id": 411, "name": "PARBOILED RIS", "underline": "1 KG. / REMA 1000", "age_limit": null, "hazard_precaution_statements": [], "labels": [{"id": 2, "name": "REMA1000", "image": "https://static-assets.digital.rema1000.dk/product/labels/2-64.webp"}], "description": null, "info": "", "images": [{"small": "https://rema-product-images.digital.rema1000.dk/98144/1-small-xePwyYNeqw.webp", "medium": "https://rema-product-images.digital.rema1000.dk/98144/1-medium-xePwyYNeqw.webp", "large": "https://rema-product-images.digital.rema1000.dk/98144/1-large-xePwyYNeqw.webp"}], "prices": [{"price": 10.95, "price_over_max_quantity": null, "max_quantity": null, "is_advertised": false, "is_campaign": false, "starting_at": "2023-08-03T00:00:00+00:00", "ending_at": "2099-12-31T00:00:00+00:00", "deposit": null, "compare_unit": "kg", "compare_unit_price": 10.95, "consumption_unit": null, "consumption_quantity": null}], "temperature_zone": null, "is_self_scale_item": false, "is_weight_item": false, "is_available_in_all_stores": true, "is_batch_item": false}
{"id": 412, "name": "BASMATI RIS", "underline": "1 KG. / REMA 1000", "age_limit": null, "hazard_precaution_statements": [], "labels": [{"id": 2, "name": "REMA1000", "image": "https://static-assets.digital.rema1000.dk/product/labels/2-64.webp"}], "description": null, "info": "", "images": [{"small": "https://rema-product-images.digital.rema1000.dk/98158/1-small-3MovlykG9A.webp", "medium": "https://rema-product-images.digital.rema1000.dk/98158/1-medium-3MovlykG9A.webp", "large": "https://rema-product-images.digital.rema1000.dk/98158/1-large-3MovlykG9A.webp"}], "prices": [{"price": 17.95, "price_over_max_quantity": null, "max_quantity": null, "is_advertised": false, "is_campaign": false, "starting_at": "2024-07-18T00:00:00+00:00", "ending_at": "2099-12-31T00:00:00+00:00", "deposit": null, "compare_unit": "kg", "compare_unit_price": 17.95, "consumption_unit": null, "consumption_quantity": null}], "temperature_zone": null, "is_self_scale_item": false, "is_weight_item": false, "is_available_in_all_stores": true, "is_batch_item": false}
{"id": 413, "name": "JASMIN RIS", "underline": "1 KG. / REMA 1000", "age_limit": null, "hazard_precaution_statements": [], "labels": [{"id": 2, "name": "REMA1000", "image": "https://static-assets.digital.rema1000.dk/product/labels/2-64.webp"}], "description": null, "info": "", "images": [{"small": "https://rema-product-images.digital.rema1000.dk/98164/1-small-AKqebyXj9p.webp", "medium": "https://rema-product-images.digital.rema1000.dk/98164/1-medium-AKqebyXj9p.webp", "large": "https://rema-product-images.digital.rema1000.dk/98164/1-large-AKqebyXj9p.webp"}], "prices": [{"price": 14.95, "price_over_max_quantity": null, "max_quantity": null, "is_advertised": false, "is_campaign": false, "starting_at": "2012-01-30T00:00:00+00:00", "ending_at": "2099-12-31T00:00:00+00:00", "deposit": null, "compare_unit": "kg", "compare_unit_price": 14.95, "consumption_unit": null, "consumption_quantity": null}], "temperature_zone": null, "is_self_scale_item": false, "is_weight_item": false, "is_available_in_all_stores": true, "is_batch_item": false}
{"id": 414, "name": "KOGEPOSE RIS", "underline": "500 GR. / REMA 1000", "age_limit": null, "hazard_precaution_statements": [], "labels": [{"id": 2, "name": "REMA1000", "image": "https://static-assets.digital.rema1000.dk/product/labels/2-64.webp"}], "description": null, "info": "", "images": [{"small": "https://rema-product-images.digital.rema1000.dk/98313/1-small-wyPbjyAMPE.webp", "medium": "https://rema-product-images.digital.rema1000.dk/98313/1-medium-wyPbjyAMPE.webp", "large": "https://rema-product-images.digital.rema1000.dk/98313/1-large-wyPbjyAMPE.webp"}], "prices": [{"price": 7.95, "price_over_max_quantity": null, "max_quantity": null, "is_advertised": false, "is_campaign": false, "starting_at": "2025-06-19T00:00:00+00:00", "ending_at": "2099-12-31T00:00:00+00:00", "deposit": null, "compare_unit": "kg", "compare_unit_price": 15.9, "consumption_unit": null, "consumption_quantity": null}], "temperature_zone": null, "is_self_scale_item": false, "is_weight_item": false, "is_available_in_all_stores": true, "is_batch_item": false}
{"id": 415, "name": "ALLROUND KRYDDERI", "underline": "120 GR. / SANTA MARIA", "age_limit": null, "hazard_precaution_statements": [], "labels": [], "description": null, "info": "", "images": [{"small": "https://rema-product-images.digital.rema1000.dk/99987/1-small-dyom8YZDPV.webp", "medium": "https://rema-product-images.digital.rema1000.dk/99987/1-medium-dyom8YZDPV.webp", "large": "https://rema-product-images.digital.rema1000.dk/99987/1-large-dyom8YZDPV.webp"}], "prices": [{"price": 31.95, "price_over_max_quantity": null, "max_quantity": null, "is_advertised": false, "is_campaign": false, "starting_at": "2023-03-23T00:00:00+00:00", "ending_at": "2099-12-31T00:00:00+00:00", "deposit": null, "compare_unit": "kg", "compare_unit_price": 266.25, "consumption_unit": null, "consumption_quantity": null}], "temperature_zone": null, "is_self_scale_item": false, "is_weight_item": false, "is_available_in_all_stores": false, "is_batch_item": false}
