{"id": 100004, "name": "JORDBÆRMARMELADE", "underline": "285 GR. / EASIS", "age_limit": null, "hazard_precaution_statements": [], "labels": [{"id": 31, "name": "Ikke tilsat sukker", "image": "https://static-assets.digital.rema1000.dk/product/labels/31-64.webp"}], "description": null, "info": "", "images": [{"small": "https://rema-product-images.digital.rema1000.dk/100004/1-small-OJq52ElK9p.webp", "medium": "https://rema-product-images.digital.rema1000.dk/100004/1-medium-OJq52ElK9p.webp", "large": "https://rema-product-images.digital.rema1000.dk/100004/1-large-OJq52ElK9p.webp"}], "prices": [{"price": 23.95, "price_over_max_quantity": null, "max_quantity": null, "is_advertised": false, "is_campaign": false, "starting_at": "2023-03-30T00:00:00+00:00", "ending_at": "2099-12-31T00:00:00+00:00", "deposit": null, "compare_unit": "kg", "compare_unit_price": 84.04, "consumption_unit": null, "consumption_quantity": null}], "temperature_zone": null, "is_self_scale_item": false, "is_weight_item": false, "is_available_in_all_stores": true, "is_batch_item": false}
{"id": 100028, "name": "RIS CUISINE", "underline": "200 ML. / PLANTEKØKKENET", "age_limit": null, "hazard_precaution_statements": [], "labels": [{"id": 2, "name": "REMA1000", "image": "https://static-assets.digital.rema1000.dk/product/labels/2-64.webp"}, {"id": 5, "name": "Økologi", "image": "https://static-assets.digital.rema1000.dk/product/labels/5-64.webp"}], "description": "Økologisk vegetabilsk alternativ til fløde. Baseret på solsikke og ris.<br />", "info": "", "images": [{"small": "https://rema-product-images.digital.rema1000.dk/100028/1-small-xyqajBd29D.webp", "medium": "https://rema-product-images.digital.rema1000.dk/100028/1-medium-xyqajBd29D.webp", "large": "https://rema-product-images.digital.rema1000.dk/100028/1-large-xyqajBd29D.webp"}], "prices": [{"price": 6.5, "price_over_max_quantity": null, "max_quantity": null, "is_advertised": false, "is_campaign": false, "starting_at": "2022-01-27T00:00:00+00:00", "ending_at": "2025-09-06T00:00:00+00:00", "deposit": null, "compare_unit": "ltr", "compare_unit_price": 32.5, "consumption_unit": null, "consumption_quantity": null}], "temperature_zone": null, "is_self_scale_item": false, "is_weight_item": false, "is_available_in_all_stores": true, "is_batch_item": false}
{"id": 100042, "name": "KIKÆRTER", "underline": "240 GR. / REMA 1000 ØKOLOGISKE", "age_limit": null, "hazard_precaution_statements": [], "labels": [{"id": 2, "name": "REMA1000", "image": "https://static-assets.digital.rema1000.dk/product/labels/2-64.webp"}, {"id": 5, "name": "Økologi", "image": "https://static-assets.digital.rema1000.dk/product/labels/5-64.webp"}, {"id": 40, "name": "Nøglehul", "image": "https://static-assets.digital.rema1000.dk/product/labels/40-64.webp"}], "description": null, "info": "", "images": [{"small": "https://rema-product-images.digital.rema1000.dk/100042/1-small-A4Py056k9L.webp", "medium": "https://rema-product-images.digital.rema1000.dk/100042/1-medium-A4Py056k9L.webp", "large": "https://rema-product-images.digital.rema1000.dk/100042/1-large-A4Py056k9L.webp"}], "prices": [{"price": 7.5, "price_over_max_quantity": null, "max_quantity": null, "is_advertised": false, "is_campaign": false, "starting_at": "2022-10-06T00:00:00+00:00", "ending_at": "2025-09-06T00:00:00+00:00", "deposit": null, "compare_unit": "kg", "compare_unit_price": 31.25, "consumption_unit": null, "consumption_quantity": null}], "temperature_zone": null, "is_self_scale_item": false, "is_weight_item": false, "is_available_in_all_stores": true, "is_batch_item": false}
{"id": 100061, "name": "SOLTØRREDE TOMATER", "underline": "100 GR.", "age_limit": null, "hazard_precaution_statements": [], "labels": [], "description": null, "info": "", "images": [{"small": "https://rema-product-images.digital.rema1000.dk/100061/1-small-Z8qplNkAq3.webp", "medium": "https://rema-product-images.digital.rema1000.dk/100061/1-medium-Z8qplNkAq3.webp", "large": "https://rema-product-images.digital.rema1000.dk/100061/1-large-Z8qplNkAq3.webp"}], "prices": [{"price": 12, "price_over_max_quantity": null, "max_quantity": null, "is_advertised": false, "is_campaign": false, "starting_at": "2019-01-24T00:00:00+00:00", "ending_at": "2099-12-31T00:00:00+00:00", "deposit": null, "compare_unit": "kg", "compare_unit_price": 120, "consumption_unit": null, "consumption_quantity": null}], "temperature_zone": null, "is_self_scale_item": false, "is_weight_item": false, "is_available_in_all_stores": true, "is_batch_item": false}
{"id": 100065, "name": "TYTTEBÆRMARMELADE", "underline": "340 GR. / FYNBO CLASSIC", "age_limit": null, "hazard_precaution_statements": [], "labels": [], "description": null, "info": "", "images": [{"small": "https://rema-product-images.digital.rema1000.dk/100065/1-small-bJ9Yab309L.webp", "medium": "https://rema-product-images.digital.rema1000.dk/100065/1-medium-bJ9Yab309L.webp", "large": "https://rema-product-images.digital.rema1000.dk/100065/1-large-bJ9Yab309L.webp"}], "prices": [{"price": 12.95, "price_over_max_quantity": null, "max_quantity": null, "is_advertised": false, "is_campaign": false, "starting_at": "2022-09-29T00:00:00+00:00", "ending_at": "2025-10-01T00:00:00+00:00", "deposit": null, "compare_unit": "kg", "compare_unit_price": 38.09, "consumption_unit": null, "consumption_quantity": null}], "temperature_zone": null, "is_self_scale_item": false, "is_weight_item": false, "is_available_in_all_stores": true, "is_batch_item": false}
{"id": 100070, "name": "SORTE OLIVEN", "underline": "230 GR. / A LA GRECQUE", "age_limit": null, "hazard_precaution_statements": [], "labels": [], "description": "A lá grecque oliven er en fransk specialitet. Plukningen foretages når disse oliven er modne. For at fjerne den naturlige bitre smag oversprøjtes de med salt. Derefter får de en speciel  behandling, hvor saltet næsten fjernes og de oversprøjtes med olie.", "info": "", "images": [{"small": "https://rema-product-images.digital.rema1000.dk/100070/1-small-kOq3bK4ko6.webp", "medium": "https://rema-product-images.digital.rema1000.dk/100070/1-medium-kOq3bK4ko6.webp", "large": "https://rema-product-images.digital.rema1000.dk/100070/1-large-kOq3bK4ko6.webp"}], "prices": [{"price": 24.95, "price_over_max_quantity": null, "max_quantity": null, "is_advertised": false, "is_campaign": false, "starting_at": "2024-03-28T00:00:00+00:00", "ending_at": "2099-12-31T00:00:00+00:00", "deposit": null, "compare_unit": "kg", "compare_unit_price": 108.48, "consumption_unit": null, "consumption_quantity": null}], "temperature_zone": null, "is_self_scale_item": false, "is_weight_item": false, "is_available_in_all_stores": true, "is_batch_item": false}
{"id": 100098, "name": "KIDNEYBØNNER", "underline": "252 GR. / REMA 1000 ØKOLOGISKE", "age_limit": null, "hazard_precaution_statements": [], "labels": [{"id": 2, "name": "REMA1000", "image": "https://static-assets.digital.rema1000.dk/product/labels/2-64.webp"}, {"id": 5, "name": "Økologi", "image": "https://static-assets.digital.rema1000.dk/product/labels/5-64.webp"}, {"id": 40, "name": "Nøglehul", "image": "https://static-assets.digital.rema1000.dk/product/labels/40-64.webp"}], "description": null, "info": "", "images": [{"small": "https://rema-product-images.digital.rema1000.dk/100098/1-small-Al90WKRkq8.webp", "medium": "https://rema-product-images.digital.rema1000.dk/100098/1-medium-Al90WKRkq8.webp", "large": "https://rema-product-images.digital.rema1000.dk/100098/1-large-Al90WKRkq8.webp"}], "prices": [{"price": 7.5, "price_over_max_quantity": null, "max_quantity": null, "is_advertised": false, "is_campaign": false, "starting_at": "2022-10-06T00:00:00+00:00", "ending_at": "2025-09-06T00:00:00+00:00", "deposit": null, "compare_unit": "kg", "compare_unit_price": 29.76, "consumption_unit": null, "consumption_quantity": null}], "temperature_zone": null, "is_self_scale_item": false, "is_weight_item": false, "is_available_in_all_stores": true, "is_batch_item": false}
{"id": 100127, "name": "FRUGTSTÆNGER", "underline": "100 GR. / REMA 1000 JORDBÆR", "age_limit": null, "hazard_precaution_statements": [], "labels": [{"id": 9001, "name": "Avisvare", "image": "https://static-assets.digital.rema1000.dk/product/labels/9001-64.webp"}, {"id": 2, "name": "REMA1000", "image": "https://static-assets.digital.rema1000.dk/product/labels/2-64.webp"}, {"id": 5, "name": "Økologi", "image": "https://static-assets.digital.rema1000.dk/product/labels/5-64.webp"}, {"id": 6, "name": "Økologi", "image": "https://static-assets.digital.rema1000.dk/product/labels/6-64.webp"}], "description": null, "info": "", "images": [{"small": "https://rema-product-images.digital.rema1000.dk/100127/1-small-OW9OVyLZqg.webp", "medium": "https://rema-product-images.digital.rema1000.dk/100127/1-medium-OW9OVyLZqg.webp", "large": "https://rema-product-images.digital.rema1000.dk/100127/1-large-OW9OVyLZqg.webp"}], "prices": [{"price": 10, "price_over_max_quantity": null, "max_quantity": null, "is_advertised": true, "is_campaign": true, "starting_at": "2025-08-17T00:00:00+00:00", "ending_at": "2025-08-23T00:00:00+00:00", "deposit": null, "compare_unit": "kg", "compare_unit_price": 100, "consumption_unit": null, "consumption_quantity": null}, {"price": 11.95, "price_over_max_quantity": null, "max_quantity": null, "is_advertised": false, "is_campaign": false, "starting_at": "2025-08-24T00:00:00+00:00", "ending_at": "2099-12-31T00:00:00+00:00", "deposit": null, "compare_unit": "kg", "compare_unit_price": 119.5, "consumption_unit": null, "consumption_quantity": null}], "temperature_zone": null, "is_self_scale_item": false, "is_weight_item": false, "is_available_in_all_stores": true, "is_batch_item": false}
{"id": 100150, "name": "FRUGTSNACKS ÆBLE", "underline": "66 GR. / REMA 1000", "age_limit": null, "hazard_precaution_statements": [], "labels": [{"id": 9001, "name": "Avisvare", "image": "https://static-assets.digital.rema1000.dk/product/labels/9001-64.webp"}, {"id": 2, "name": "REMA1000", "image": "https://static-assets.digital.rema1000.dk/product/labels/2-64.webp"}, {"id": 5, "name": "Økologi", "image": "https://static-assets.digital.rema1000.dk/product/labels/5-64.webp"}, {"id": 6, "name": "Økologi", "image": "https://static-assets.digital.rema1000.dk/product/labels/6-64.webp"}], "description": null, "info": "", "images": [{"small": "https://rema-product-images.digital.rema1000.dk/100150/1-small-vVoryA58P3.webp", "medium": "https://rema-product-images.digital.rema1000.dk/100150/1-medium-vVoryA58P3.webp", "large": "https://rema-product-images.digital.rema1000.dk/100150/1-large-vVoryA58P3.webp"}], "prices": [{"price": 10, "price_over_max_quantity": null, "max_quantity": null, "is_advertised": true, "is_campaign": true, "starting_at": "2025-08-17T00:00:00+00:00", "ending_at": "2025-08-23T00:00:00+00:00", "deposit": null, "compare_unit": "kg", "compare_unit_price": 151.52, "consumption_unit": null, "consumption_quantity": null}, {"price": 15.95, "price_over_max_quantity": null, "max_quantity": null, "is_advertised": false, "is_campaign": false, "starting_at": "2025-08-24T00:00:00+00:00", "ending_at": "2099-12-31T00:00:00+00:00", "deposit": null, "compare_unit": "kg", "compare_unit_price": 241.67, "consumption_unit": null, "consumption_quantity": null}], "temperature_zone": null, "is_self_scale_item": false, "is_weight_item": false, "is_available_in_all_stores": true, "is_batch_item": false}
{"id": 100156, "name": "SOLBÆRMARMELADE", "underline": "275 GR. / REMA ØKOLOGISK", "age_limit": null, "hazard_precaution_statements": [], "labels": [{"id": 2, "name": "REMA1000", "image": "https://static-assets.digital.rema1000.dk/product/labels/2-64.webp"}, {"id": 5, "name": "Økologi", "image": "https://static-assets.digital.rema1000.dk/product/labels/5-64.webp"}, {"id": 6, "name": "Økologi", "image": "https://static-assets.digital.rema1000.dk/product/labels/6-64.webp"}], "description": null, "info": "", "images": [{"small": "https://rema-product-images.digital.rema1000.dk/100156/1-small-18oXzX0d9k.webp", "medium": "https://rema-product-images.digital.rema1000.dk/100156/1-medium-18oXzX0d9k.webp", "large": "https://rema-product-images.digital.rema1000.dk/100156/1-large-18oXzX0d9k.webp"}], "prices": [{"price": 15.95, "price_over_max_quantity": null, "max_quantity": null, "is_advertised": false, "is_campaign": false, "starting_at": "2024-10-17T00:00:00+00:00", "ending_at": "2099-12-31T00:00:00+00:00", "deposit": null, "compare_unit": "kg", "compare_unit_price": 58, "consumption_unit": null, "consumption_quantity": null}], "temperature_zone": null, "is_self_scale_item": false, "is_weight_item": false, "is_available_in_all_stores": true, "is_batch_item": false}
{"id": 100161, "name": "PERLEKARTOFLER", "underline": "425 GR. / REMA 1000", "age_limit": null, "hazard_precaution_statements": [], "labels": [{"id": 2, "name": "REMA1000", "image": "https://static-assets.digital.rema1000.dk/product/labels/2-64.webp"}], "description": "Råd: Ikke egnet til tilberedning i mikroovn eller friture. Sørg for at kartoflerne er dryppet godt af og aftørret inden anvendelse.<br />", "info": "", "images": [{"small": "https://rema-product-images.digital.rema1000.dk/100161/1-small-Z8qplNnGq3.webp", "medium": "https://rema-product-images.digital.rema1000.dk/100161/1-medium-Z8qplNnGq3.webp", "large": "https://rema-product-images.digital.rema1000.dk/100161/1-large-Z8qplNnGq3.webp"}], "prices": [{"price": 12.95, "price_over_max_quantity": null, "max_quantity": null, "is_advertised": false, "is_campaign": false, "starting_at": "2024-10-03T00:00:00+00:00", "ending_at": "2099-12-31T00:00:00+00:00", "deposit": null, "compare_unit": "kg", "compare_unit_price": 30.47, "consumption_unit": null, "consumption_quantity": null}], "temperature_zone": null, "is_self_scale_item": false, "is_weight_item": false, "is_available_in_all_stores": true, "is_batch_item": false}
{"id": 100166, "name": "ASPARGESSNITTER", "underline": "270 GR. / REMA 1000", "age_limit": null, "hazard_precaution_statements": [], "labels": [{"id": 2, "name": "REMA1000", "image": "https://static-assets.digital.rema1000.dk/product/labels/2-64.webp"}], "description": null, "info": "", "images": [{"small": "https://rema-product-images.digital.rema1000.dk/100166/1-small-pyozd8XA9X.webp", "medium": "https://rema-product-images.digital.rema1000.dk/100166/1-medium-pyozd8XA9X.webp", "large": "https://rema-product-images.digital.rema1000.dk/100166/1-large-pyozd8XA9X.webp"}], "prices": [{"price": 12.95, "price_over_max_quantity": null, "max_quantity": null, "is_advertised": false, "is_campaign": false, "starting_at": "2025-01-23T00:00:00+00:00", "ending_at": "2099-12-31T00:00:00+00:00", "deposit": null, "compare_unit": "kg", "compare_unit_price": 47.96, "consumption_unit": null, "consumption_quantity": null}], "temperature_zone": null, "is_self_scale_item": false, "is_weight_item": false, "is_available_in_all_stores": true, "is_batch_item": false}
{"id": 100172, "name": "HVIDE ASPARGES", "underline": "205 GR. / REMA 1000", "age_limit": null, "hazard_precaution_statements": [], "labels": [{"id": 2, "name": "REMA1000", "image": "https://static-assets.digital.rema1000.dk/product/labels/2-64.webp"}], "description": null, "info": "", "images": [{"small": "https://rema-product-images.digital.rema1000.dk/100172/1-small-xyqajB6V9D.webp", "medium": "https://rema-product-images.digital.rema1000.dk/100172/1-medium-xyqajB6V9D.webp", "large": "https://rema-product-images.digital.rema1000.dk/100172/1-large-xyqajB6V9D.webp"}], "prices": [{"price": 25, "price_over_max_quantity": null, "max_quantity": null, "is_advertised": false, "is_campaign": false, "starting_at": "2023-01-12T00:00:00+00:00", "ending_at": "2025-09-03T00:00:00+00:00", "deposit": null, "compare_unit": "kg", "compare_unit_price": 121.95, "consumption_unit": null, "consumption_quantity": null}], "temperature_zone": null, "is_self_scale_item": false, "is_weight_item": false, "is_available_in_all_stores": true, "is_batch_item": false}
{"id": 100173, "name": "HVIDLØG I CHILI", "underline": "290 GR. / REMA 1000", "age_limit": null, "hazard_precaution_statements": [], "labels": [{"id": 2, "name": "REMA1000", "image": "https://static-assets.digital.rema1000.dk/product/labels/2-64.webp"}], "description": null, "info": "", "images": [{"small": "https://rema-product-images.digital.rema1000.dk/100173/1-small-pYqxnM04P1.webp", "medium": "https://rema-product-images.digital.rema1000.dk/100173/1-medium-pYqxnM04P1.webp", "large": "https://rema-product-images.digital.rema1000.dk/100173/1-large-pYqxnM04P1.webp"}], "prices": [{"price": 17.95, "price_over_max_quantity": null, "max_quantity": null, "is_advertised": false, "is_campaign": false, "starting_at": "2025-07-03T00:00:00+00:00", "ending_at": "2099-12-31T00:00:00+00:00", "deposit": null, "compare_unit": "kg", "compare_unit_price": 61.9, "consumption_unit": null, "consumption_quantity": null}], "temperature_zone": null, "is_self_scale_item": false, "is_weight_item": false, "is_available_in_all_stores": true, "is_batch_item": false}
{"id": 100177, "name": "HVIDLØG KRYDDEROLIE", "underline": "290 GR. / REMA 1000", "age_limit": null, "hazard_precaution_statements": [], "labels": [{"id": 2, "name": "REMA1000", "image": "https://static-assets.digital.rema1000.dk/product/labels/2-64.webp"}], "description": null, "info": "", "images": [{"small": "https://rema-product-images.digital.rema1000.dk/100177/1-small-YLPjL0a6qk.webp", "medium": "https://rema-product-images.digital.rema1000.dk/100177/1-medium-YLPjL0a6qk.webp", "large": "https://rema-product-images.digital.rema1000.dk/100177/1-large-YLPjL0a6qk.webp"}], "prices": [{"price": 17.95, "price_over_max_quantity": null, "max_quantity": null, "is_advertised": false, "is_campaign": false, "starting_at": "2025-07-03T00:00:00+00:00", "ending_at": "2099-12-31T00:00:00+00:00", "deposit": null, "compare_unit": "kg", "compare_unit_price": 61.9, "consumption_unit": null, "consumption_quantity": null}], "temperature_zone": null, "is_self_scale_item": false, "is_weight_item": false, "is_available_in_all_stores": true, "is_batch_item": false}
{"id": 100198, "name": "ÆBLEMOS", "underline": "720 ML. / REMA 1000", "age_limit": null, "hazard_precaution_statements": [], "labels": [{"id": 2, "name": "REMA1000", "image": "https://static-assets.digital.rema1000.dk/product/labels/2-64.webp"}], "description": null, "info": "", "images": [{"small": "https://rema-product-images.digital.rema1000.dk/100198/1-small-Al90WKOEq8.webp", "medium": "https://rema-product-images.digital.rema1000.dk/100198/1-medium-Al90WKOEq8.webp", "large": "https://rema-product-images.digital.rema1000.dk/100198/1-large-Al90WKOEq8.webp"}], "prices": [{"price": 11.95, "price_over_max_quantity": null, "max_quantity": null, "is_advertised": false, "is_campaign": false, "starting_at": "2024-11-28T00:00:00+00:00", "ending_at": "2099-12-31T00:00:00+00:00", "deposit": null, "compare_unit": "ltr", "compare_unit_price": 16.6, "consumption_unit": null, "consumption_quantity": null}], "temperature_zone": null, "is_self_scale_item": false, "is_weight_item": false, "is_available_in_all_stores": true, "is_batch_item": false}
{"id": 100214, "name": "ROSINER", "underline": "250 GR. / REMA 1000", "age_limit": null, "hazard_precaution_statements": [], "labels": [{"id": 9001, "name": "Avisvare", "image": "https://static-assets.digital.rema1000.dk/product/labels/9001-64.webp"}, {"id": 2, "name": "REMA1000", "image": "https://static-assets.digital.rema1000.dk/product/labels/2-64.webp"}], "description": null, "info": "", "images": [{"small": "https://rema-product-images.digital.rema1000.dk/100214/1-small-3MovlB249A.webp", "medium": "https://rema-product-images.digital.rema1000.dk/100214/1-medium-3MovlB249A.webp", "large": "https://rema-product-images.digital.rema1000.dk/100214/1-large-3MovlB249A.webp"}], "prices": [{"price": 10, "price_over_max_quantity": null, "max_quantity": null, "is_advertised": true, "is_campaign": true, "starting_at": "2025-08-17T00:00:00+00:00", "ending_at": "2025-08-23T00:00:00+00:00", "deposit": null, "compare_unit": "kg", "compare_unit_price": 40, "consumption_unit": null, "consumption_quantity": null}, {"price": 12.95, "price_over_max_quantity": null, "max_quantity": null, "is_advertised": false, "is_campaign": false, "starting_at": "2025-08-24T00:00:00+00:00", "ending_at": "2099-12-31T00:00:00+00:00", "deposit": null, "compare_unit": "kg", "compare_unit_price": 51.8, "consumption_unit": null, "consumption_quantity": null}], "temperature_zone": null, "is_self_scale_item": false, "is_weight_item": false, "is_available_in_all_stores": true, "is_batch_item": false}
{"id": 100223, "name": "SALAT ROSINER", "underline": "450 GR. / REMA 1000", "age_limit": null, "hazard_precaution_statements": [], "labels": [{"id": 2, "name": "REMA1000", "image": "https://static-assets.digital.rema1000.dk/product/labels/2-64.webp"}], "description": null, "info": "", "images": [{"small": "https://rema-product-images.digital.rema1000.dk/100223/1-small-MNqZnlMWqA.webp", "medium": "https://rema-product-images.digital.rema1000.dk/100223/1-medium-MNqZnlMWqA.webp", "large": "https://rema-product-images.digital.rema1000.dk/100223/1-large-MNqZnlMWqA.webp"}], "prices": [{"price": 22.5, "price_over_max_quantity": null, "max_quantity": null, "is_advertised": false, "is_campaign": false, "starting_at": "2025-02-06T00:00:00+00:00", "ending_at": "2099-12-31T00:00:00+00:00", "deposit": null, "compare_unit": "kg", "compare_unit_price": 50, "consumption_unit": null, "consumption_quantity": null}], "temperature_zone": null, "is_self_scale_item": false, "is_weight_item": false, "is_available_in_all_stores": true, "is_batch_item": false}
{"id": 100225, "name": "FORLOREN SKILDPADDE", "underline": "400 GR. / JAKA", "age_limit": null, "hazard_precaution_statements": [], "labels": [], "description": null, "info": "", "images": [{"small": "https://rema-product-images.digital.rema1000.dk/100225/1-small-Ea91ZdaWPz.webp", "medium": "https://rema-product-images.digital.rema1000.dk/100225/1-medium-Ea91ZdaWPz.webp", "large": "https://rema-product-images.digital.rema1000.dk/100225/1-large-Ea91ZdaWPz.webp"}], "prices": [{"price": 26.95, "price_over_max_quantity": null, "max_quantity": null, "is_advertised": false, "is_campaign": false, "starting_at": "2022-11-03T00:00:00+00:00", "ending_at": "2099-12-31T00:00:00+00:00", "deposit": null, "compare_unit": "kg", "compare_unit_price": 67.38, "consumption_unit": null, "consumption_quantity": null}], "temperature_zone": null, "is_self_scale_item": false, "is_weight_item": false, "is_available_in_all_stores": false, "is_batch_item": false}
{"id": 100229, "name": "PINJEKERNER", "underline": "25 GR. / ØKOLOGISKE", "age_limit": null, "hazard_precaution_statements": [], "labels": [{"id": 5, "name": "Økologi", "image": "https://static-assets.digital.rema1000.dk/product/labels/5-64.webp"}, {"id": 6, "name": "Økologi", "image": "https://static-assets.digital.rema1000.dk/product/labels/6-64.webp"}], "description": null, "info": "", "images": [{"small": "https://rema-product-images.digital.rema1000.dk/100229/1-small-pYqxnMw5P1.webp", "medium": "https://rema-product-images.digital.rema1000.dk/100229/1-medium-pYqxnMw5P1.webp", "large": "https://rema-product-images.digital.rema1000.dk/100229/1-large-pYqxnMw5P1.webp"}], "prices": [{"price": 12, "price_over_max_quantity": null, "max_quantity": null, "is_advertised": false, "is_campaign": false, "starting_at": "2020-02-11T00:00:00+00:00", "ending_at": "2099-12-31T00:00:00+00:00", "deposit": null, "compare_unit": "kg", "compare_unit_price": 480, "consumption_unit": null, "consumption_quantity": null}], "temperature_zone": null, "is_self_scale_item": false, "is_weight_item": false, "is_available_in_all_stores": true, "is_batch_item": false}
{"id": 100232, "name": "TRANEBÆR", "underline": "50 GR. / ØKOLOGISKE", "age_limit": null, "hazard_precaution_statements": [], "labels": [{"id": 6, "name": "Økologi", "image": "https://static-assets.digital.rema1000.dk/product/labels/6-64.webp"}], "description": null, "info": "", "images": [{"small": "https://rema-product-images.digital.rema1000.dk/100232/1-small-nDPWJ78p9W.webp", "medium": "https://rema-product-images.digital.rema1000.dk/100232/1-medium-nDPWJ78p9W.webp", "large": "https://rema-product-images.digital.rema1000.dk/100232/1-large-nDPWJ78p9W.webp"}], "prices": [{"price": 12, "price_over_max_quantity": null, "max_quantity": null, "is_advertised": false, "is_campaign": false, "starting_at": "2020-02-11T00:00:00+00:00", "ending_at": "2099-12-31T00:00:00+00:00", "deposit": null, "compare_unit": "kg", "compare_unit_price": 240, "consumption_unit": null, "consumption_quantity": null}], "temperature_zone": null, "is_self_scale_item": false, "is_weight_item": false, "is_available_in_all_stores": true, "is_batch_item": false}
{"id": 100258, "name": "BLOMSTER HONNING", "underline": "400 GR. / JAKOBSENS, ØKO", "age_limit": null, "hazard_precaution_statements": [], "labels": [{"id": 6, "name": "Økologi", "image": "https://static-assets.digital.rema1000.dk/product/labels/6-64.webp"}], "description": "Blanding af honning fra lande i og uden for EU. Tappet og pakket i Danmark<br /> Honning bør ikke gives til børn under 1 år.<br />", "info": "", "images": [{"small": "https://rema-product-images.digital.rema1000.dk/100258/1-small-3MovlBL49A.webp", "medium": "https://rema-product-images.digital.rema1000.dk/100258/1-medium-3MovlBL49A.webp", "large": "https://rema-product-images.digital.rema1000.dk/100258/1-large-3MovlBL49A.webp"}], "prices": [{"price": 30.95, "price_over_max_quantity": null, "max_quantity": null, "is_advertised": false, "is_campaign": false, "starting_at": "2025-02-27T00:00:00+00:00", "ending_at": "2099-12-31T00:00:00+00:00", "deposit": null, "compare_unit": "kg", "compare_unit_price": 77.38, "consumption_unit": null, "consumption_quantity": null}], "temperature_zone": null, "is_self_scale_item": false, "is_weight_item": false, "is_available_in_all_stores": true, "is_batch_item": false}
{"id": 100278, "name": "BOYSENBÆRMARMELADE", "underline": "400 GR. / REMA 1000", "age_limit": null, "hazard_precaution_statements": [], "labels": [{"id": 2, "name": "REMA1000", "image": "https://static-assets.digital.rema1000.dk/product/labels/2-64.webp"}], "description": null, "info": "", "images": [{"small": "https://rema-product-images.digital.rema1000.dk/100278/1-small-yLqGaMmjPd.webp", "medium": "https://rema-product-images.digital.rema1000.dk/100278/1-medium-yLqGaMmjPd.webp", "large": "https://rema-product-images.digital.rema1000.dk/100278/1-large-yLqGaMmjPd.webp"}], "prices": [{"price": 15.95, "price_over_max_quantity": null, "max_quantity": null, "is_advertised": false, "is_campaign": false, "starting_at": "2024-10-17T00:00:00+00:00", "ending_at": "2099-12-31T00:00:00+00:00", "deposit": null, "compare_unit": "kg", "compare_unit_price": 39.88, "consumption_unit": null, "consumption_quantity": null}], "temperature_zone": null, "is_self_scale_item": false, "is_weight_item": false, "is_available_in_all_stores": true, "is_batch_item": false}
{"id": 100285, "name": "HAKKEBØF I SOVS", "underline": "410 GR. / JAKA", "age_limit": null, "hazard_precaution_statements": [], "labels": [], "description": null, "info": "", "images": [{"small": "https://rema-product-images.digital.rema1000.dk/100285/1-small-we9EOBV6og.webp", "medium": "https://rema-product-images.digital.rema1000.dk/100285/1-medium-we9EOBV6og.webp", "large": "https://rema-product-images.digital.rema1000.dk/100285/1-large-we9EOBV6og.webp"}], "prices": [{"price": 26.95, "price_over_max_quantity": null, "max_quantity": null, "is_advertised": false, "is_campaign": false, "starting_at": "2025-07-03T00:00:00+00:00", "ending_at": "2099-12-31T00:00:00+00:00", "deposit": null, "compare_unit": "kg", "compare_unit_price": 65.73, "consumption_unit": null, "consumption_quantity": null}], "temperature_zone": null, "is_self_scale_item": false, "is_weight_item": false, "is_available_in_all_stores": false, "is_batch_item": false}
{"id": 100325, "name": "HAVREDRIK", "underline": "1 LTR. / PLANTEKØKKENET", "age_limit": null, "hazard_precaution_statements": [], "labels": [{"id": 2, "name": "REMA1000", "image": "https://static-assets.digital.rema1000.dk/product/labels/2-64.webp"}, {"id": 5, "name": "Økologi", "image": "https://static-assets.digital.rema1000.dk/product/labels/5-64.webp"}, {"id": 6, "name": "Økologi", "image": "https://static-assets.digital.rema1000.dk/product/labels/6-64.webp"}, {"id": 31, "name": "Ikke tilsat sukker", "image": "https://static-assets.digital.rema1000.dk/product/labels/31-64.webp"}, {"id": 40, "name": "Nøglehul", "image": "https://static-assets.digital.rema1000.dk/product/labels/40-64.webp"}], "description": null, "info": "", "images": [{"small": "https://rema-product-images.digital.rema1000.dk/100325/1-small-Ea91Zd85Pz.webp", "medium": "https://rema-product-images.digital.rema1000.dk/100325/1-medium-Ea91Zd85Pz.webp", "large": "https://rema-product-images.digital.rema1000.dk/100325/1-large-Ea91Zd85Pz.webp"}], "prices": [{"price": 11.25, "price_over_max_quantity": null, "max_quantity": null, "is_advertised": false, "is_campaign": false, "starting_at": "2024-02-15T00:00:00+00:00", "ending_at": "2025-09-06T00:00:00+00:00", "deposit": null, "compare_unit": "ltr", "compare_unit_price": 11.25, "consumption_unit": null, "consumption_quantity": null}], "temperature_zone": null, "is_self_scale_item": false, "is_weight_item": false, "is_available_in_all_stores": true, "is_batch_item": false}
{"id": 100327, "name": "USØDET SOJADRIK", "underline": "1 LTR. / PLANTEKØKKENET", "age_limit": null, "hazard_precaution_statements": [], "labels": [{"id": 2, "name": "REMA1000", "image": "https://static-assets.digital.rema1000.dk/product/labels/2-64.webp"}, {"id": 5, "name": "Økologi", "image": "https://static-assets.digital.rema1000.dk/product/labels/5-64.webp"}], "description": null, "info": "", "images": [{"small": "https://rema-product-images.digital.rema1000.dk/100327/1-small-OW9OVykyqg.webp", "medium": "https://rema-product-images.digital.rema1000.dk/100327/1-medium-OW9OVykyqg.webp", "large": "https://rema-product-images.digital.rema1000.dk/100327/1-large-OW9OVykyqg.webp"}], "prices": [{"price": 10.75, "price_over_max_quantity": null, "max_quantity": null, "is_advertised": false, "is_campaign": false, "starting_at": "2024-02-15T00:00:00+00:00", "ending_at": "2025-09-06T00:00:00+00:00", "deposit": null, "compare_unit": "ltr", "compare_unit_price": 10.75, "consumption_unit": null, "consumption_quantity": null}], "temperature_zone": null, "is_self_scale_item": false, "is_weight_item": false, "is_available_in_all_stores": true, "is_batch_item": false}
{"id": 100332, "name": "RISDRIK", "underline": "1 LTR. / PLANTEKØKKENET", "age_limit": null, "hazard_precaution_statements": [], "labels": [{"id": 2, "name": "REMA1000", "image": "https://static-assets.digital.rema1000.dk/product/labels/2-64.webp"}, {"id": 5, "name": "Økologi", "image": "https://static-assets.digital.rema1000.dk/product/labels/5-64.webp"}, {"id": 40, "name": "Nøglehul", "image": "https://static-assets.digital.rema1000.dk/product/labels/40-64.webp"}], "description": null, "info": "", "images": [{"small": "https://rema-product-images.digital.rema1000.dk/100332/1-small-nDPWJ7g69W.webp", "medium": "https://rema-product-images.digital.rema1000.dk/100332/1-medium-nDPWJ7g69W.webp", "large": "https://rema-product-images.digital.rema1000.dk/100332/1-large-nDPWJ7g69W.webp"}], "prices": [{"price": 10.75, "price_over_max_quantity": null, "max_quantity": null, "is_advertised": false, "is_campaign": false, "starting_at": "2024-02-15T00:00:00+00:00", "ending_at": "2025-09-06T00:00:00+00:00", "deposit": null, "compare_unit": "ltr", "compare_unit_price": 10.75, "consumption_unit": null, "consumption_quantity": null}], "temperature_zone": null, "is_self_scale_item": false, "is_weight_item": false, "is_available_in_all_stores": true, "is_batch_item": false}
{"id": 100335, "name": "GRØNNE OLIVEN", "underline": "200 GR. / REMA 1000", "age_limit": null, "hazard_precaution_statements": [], "labels": [{"id": 2, "name": "REMA1000", "image": "https://static-assets.digital.rema1000.dk/product/labels/2-64.webp"}], "description": null, "info": "", "images": [{"small": "https://rema-product-images.digital.rema1000.dk/100335/1-small-Gb9kMmOpo7.webp", "medium": "https://rema-product-images.digital.rema1000.dk/100335/1-medium-Gb9kMmOpo7.webp", "large": "https://rema-product-images.digital.rema1000.dk/100335/1-large-Gb9kMmOpo7.webp"}], "prices": [{"price": 11.95, "price_over_max_quantity": null, "max_quantity": null, "is_advertised": false, "is_campaign": false, "starting_at": "2024-05-02T00:00:00+00:00", "ending_at": "2099-12-31T00:00:00+00:00", "deposit": null, "compare_unit": "kg", "compare_unit_price": 59.75, "consumption_unit": null, "consumption_quantity": null}], "temperature_zone": null, "is_self_scale_item": false, "is_weight_item": false, "is_available_in_all_stores": true, "is_batch_item": false}
{"id": 100337, "name": "RIS/MANDEL DRIK", "underline": "1 LTR. / PLANTEKØKKENET", "age_limit": null, "hazard_precaution_statements": [], "labels": [{"id": 2, "name": "REMA1000", "image": "https://static-assets.digital.rema1000.dk/product/labels/2-64.webp"}, {"id": 5, "name": "Økologi", "image": "https://static-assets.digital.rema1000.dk/product/labels/5-64.webp"}], "description": null, "info": "", "images": [{"small": "https://rema-product-images.digital.rema1000.dk/100337/1-small-JzPJnrDbPk.webp", "medium": "https://rema-product-images.digital.rema1000.dk/100337/1-medium-JzPJnrDbPk.webp", "large": "https://rema-product-images.digital.rema1000.dk/100337/1-large-JzPJnrDbPk.webp"}], "prices": [{"price": 10.95, "price_over_max_quantity": null, "max_quantity": null, "is_advertised": false, "is_campaign": false, "starting_at": "2025-03-13T00:00:00+00:00", "ending_at": "2025-09-06T00:00:00+00:00", "deposit": null, "compare_unit": "ltr", "compare_unit_price": 10.95, "consumption_unit": null, "consumption_quantity": null}], "temperature_zone": null, "is_self_scale_item": false, "is_weight_item": false, "is_available_in_all_stores": true, "is_batch_item": false}
{"id": 100343, "name": "RØDBEDER", "underline": "400 GR. / SAMSØ", "age_limit": null, "hazard_precaution_statements": [], "labels": [{"id": 5, "name": "Økologi", "image": "https://static-assets.digital.rema1000.dk/product/labels/5-64.webp"}, {"id": 6, "name": "Økologi", "image": "https://static-assets.digital.rema1000.dk/product/labels/6-64.webp"}], "description": null, "info": "", "images": [{"small": "https://rema-product-images.digital.rema1000.dk/100343/1-small-dyom8Yx7PV.webp", "medium": "https://rema-product-images.digital.rema1000.dk/100343/1-medium-dyom8Yx7PV.webp", "large": "https://rema-product-images.digital.rema1000.dk/100343/1-large-dyom8Yx7PV.webp"}], "prices": [{"price": 12.95, "price_over_max_quantity": null, "max_quantity": null, "is_advertised": false, "is_campaign": false, "starting_at": "2022-08-20T00:00:00+00:00", "ending_at": "2099-12-31T00:00:00+00:00", "deposit": null, "compare_unit": "kg", "compare_unit_price": 32.38, "consumption_unit": null, "consumption_quantity": null}], "temperature_zone": null, "is_self_scale_item": false, "is_weight_item": false, "is_available_in_all_stores": true, "is_batch_item": false}
{"id": 100349, "name": "ROSINER I BØTTE", "underline": "500 GR. / REMA 1000", "age_limit": null, "hazard_precaution_statements": [], "labels": [{"id": 2, "name": "REMA1000", "image": "https://static-assets.digital.rema1000.dk/product/labels/2-64.webp"}], "description": null, "info": "", "images": [{"small": "https://rema-product-images.digital.rema1000.dk/100349/1-small-xQq8gkXLoZ.webp", "medium": "https://rema-product-images.digital.rema1000.dk/100349/1-medium-xQq8gkXLoZ.webp", "large": "https://rema-product-images.digital.rema1000.dk/100349/1-large-xQq8gkXLoZ.webp"}], "prices": [{"price": 31.95, "price_over_max_quantity": null, "max_quantity": null, "is_advertised": false, "is_campaign": false, "starting_at": "2024-05-09T00:00:00+00:00", "ending_at": "2099-12-31T00:00:00+00:00", "deposit": null, "compare_unit": "kg", "compare_unit_price": 63.9, "consumption_unit": null, "consumption_quantity": null}], "temperature_zone": null, "is_self_scale_item": false, "is_weight_item": false, "is_available_in_all_stores": true, "is_batch_item": false}
{"id": 100353, "name": "HØNSEBOUILLON", "underline": "100 GR. / REMA 1000", "age_limit": null, "hazard_precaution_statements": [], "labels": [{"id": 2, "name": "REMA1000", "image": "https://static-assets.digital.rema1000.dk/product/labels/2-64.webp"}], "description": "10 stk., der giver 5 liter bouillon.<br />", "info": "", "images": [{"small": "https://rema-product-images.digital.rema1000.dk/100353/1-small-aboK8d2Jqp.webp", "medium": "https://rema-product-images.digital.rema1000.dk/100353/1-medium-aboK8d2Jqp.webp", "large": "https://rema-product-images.digital.rema1000.dk/100353/1-large-aboK8d2Jqp.webp"}], "prices": [{"price": 4.5, "price_over_max_quantity": null, "max_quantity": null, "is_advertised": false, "is_campaign": false, "starting_at": "2023-03-30T00:00:00+00:00", "ending_at": "2025-10-01T00:00:00+00:00", "deposit": null, "compare_unit": "kg", "compare_unit_price": 45, "consumption_unit": null, "consumption_quantity": null}], "temperature_zone": null, "is_self_scale_item": false, "is_weight_item": false, "is_available_in_all_stores": true, "is_batch_item": false}
{"id": 100369, "name": "GRØNTSAGSBOUILLON", "underline": "100 GR. / REMA 1000", "age_limit": null, "hazard_precaution_statements": [], "labels": [{"id": 2, "name": "REMA1000", "image": "https://static-assets.digital.rema1000.dk/product/labels/2-64.webp"}], "description": "Tilsætning ved tilberedning: ½ liter kogende vand pr. terning.<br />", "info": "", "images": [{"small": "https://rema-product-images.digital.rema1000.dk/100369/1-small-Ea91ZdW5Pz.webp", "medium": "https://rema-product-images.digital.rema1000.dk/100369/1-medium-Ea91ZdW5Pz.webp", "large": "https://rema-product-images.digital.rema1000.dk/100369/1-large-Ea91ZdW5Pz.webp"}], "prices": [{"price": 4.5, "price_over_max_quantity": null, "max_quantity": null, "is_advertised": false, "is_campaign": false, "starting_at": "2023-03-30T00:00:00+00:00", "ending_at": "2025-10-01T00:00:00+00:00", "deposit": null, "compare_unit": "kg", "compare_unit_price": 45, "consumption_unit": null, "consumption_quantity": null}], "temperature_zone": null, "is_self_scale_item": false, "is_weight_item": false, "is_available_in_all_stores": true, "is_batch_item": false}
{"id": 100375, "name": "OKSEBOUILLON", "underline": "100 GR. / REMA 1000", "age_limit": null, "hazard_precaution_statements": [], "labels": [{"id": 2, "name": "REMA1000", "image": "https://static-assets.digital.rema1000.dk/product/labels/2-64.webp"}], "description": null, "info": "", "images": [{"small": "https://rema-product-images.digital.rema1000.dk/100375/1-small-01q23bjd97.webp", "medium": "https://rema-product-images.digital.rema1000.dk/100375/1-medium-01q23bjd97.webp", "large": "https://rema-product-images.digital.rema1000.dk/100375/1-large-01q23bjd97.webp"}], "prices": [{"price": 4.5, "price_over_max_quantity": null, "max_quantity": null, "is_advertised": false, "is_campaign": false, "starting_at": "2023-03-30T00:00:00+00:00", "ending_at": "2025-10-01T00:00:00+00:00", "deposit": null, "compare_unit": "kg", "compare_unit_price": 45, "consumption_unit": null, "consumption_quantity": null}], "temperature_zone": null, "is_self_scale_item": false, "is_weight_item": false, "is_available_in_all_stores": true, "is_batch_item": false}
{"id": 100387, "name": "CASHEWNØDDER", "underline": "45 GR. / RISTEDE OG SALTEDE", "age_limit": null, "hazard_precaution_statements": [], "labels": [], "description": null, "info": "", "images": [{"small": "https://rema-product-images.digital.rema1000.dk/100387/1-small-dyom8Y47PV.webp", "medium": "https://rema-product-images.digital.rema1000.dk/100387/1-medium-dyom8Y47PV.webp", "large": "https://rema-product-images.digital.rema1000.dk/100387/1-large-dyom8Y47PV.webp"}], "prices": [{"price": 12, "price_over_max_quantity": null, "max_quantity": null, "is_advertised": false, "is_campaign": false, "starting_at": "2025-02-06T00:00:00+00:00", "ending_at": "2099-12-31T00:00:00+00:00", "deposit": null, "compare_unit": "kg", "compare_unit_price": 266.67, "consumption_unit": null, "consumption_quantity": null}], "temperature_zone": null, "is_self_scale_item": false, "is_weight_item": false, "is_available_in_all_stores": true, "is_batch_item": false}
{"id": 100401, "name": "DEGLET NOUR DADLER", "underline": "300 GR. / REMA 1000", "age_limit": null, "hazard_precaution_statements": [], "labels": [{"id": 9001, "name": "Avisvare", "image": "https://static-assets.digital.rema1000.dk/product/labels/9001-64.webp"}, {"id": 2, "name": "REMA1000", "image": "https://static-assets.digital.rema1000.dk/product/labels/2-64.webp"}], "description": null, "info": "", "images": [{"small": "https://rema-product-images.digital.rema1000.dk/100401/1-small-ElPB1pXX9k.webp", "medium": "https://rema-product-images.digital.rema1000.dk/100401/1-medium-ElPB1pXX9k.webp", "large": "https://rema-product-images.digital.rema1000.dk/100401/1-large-ElPB1pXX9k.webp"}], "prices": [{"price": 10, "price_over_max_quantity": null, "max_quantity": null, "is_advertised": true, "is_campaign": true, "starting_at": "2025-08-17T00:00:00+00:00", "ending_at": "2025-08-23T00:00:00+00:00", "deposit": null, "compare_unit": "kg", "compare_unit_price": 33.33, "consumption_unit": null, "consumption_quantity": null}, {"price": 14.95, "price_over_max_quantity": null, "max_quantity": null, "is_advertised": false, "is_campaign": false, "starting_at": "2025-08-24T00:00:00+00:00", "ending_at": "2025-09-03T00:00:00+00:00", "deposit": null, "compare_unit": "kg", "compare_unit_price": 49.83, "consumption_unit": null, "consumption_quantity": null}], "temperature_zone": null, "is_self_scale_item": false, "is_weight_item": false, "is_available_in_all_stores": true, "is_batch_item": false}
{"id": 100425, "name": "MAJS", "underline": "285 GR. / REMA 1000", "age_limit": null, "hazard_precaution_statements": [], "labels": [{"id": 2, "name": "REMA1000", "image": "https://static-assets.digital.rema1000.dk/product/labels/2-64.webp"}, {"id": 40, "name": "Nøglehul", "image": "https://static-assets.digital.rema1000.dk/product/labels/40-64.webp"}], "description": null, "info": "", "images": [{"small": "https://rema-product-images.digital.rema1000.dk/100425/1-small-Ea91ZdMxPz.webp", "medium": "https://rema-product-images.digital.rema1000.dk/100425/1-medium-Ea91ZdMxPz.webp", "large": "https://rema-product-images.digital.rema1000.dk/100425/1-large-Ea91ZdMxPz.webp"}], "prices": [{"price": 7.5, "price_over_max_quantity": null, "max_quantity": null, "is_advertised": false, "is_campaign": false, "starting_at": "2023-12-14T00:00:00+00:00", "ending_at": "2099-12-31T00:00:00+00:00", "deposit": null, "compare_unit": "kg", "compare_unit_price": 26.32, "consumption_unit": null, "consumption_quantity": null}], "temperature_zone": null, "is_self_scale_item": false, "is_weight_item": false, "is_available_in_all_stores": true, "is_batch_item": false}
{"id": 100458, "name": "GUACAMOLE DIP", "underline": "300 GR. / TEX MEX", "age_limit": null, "hazard_precaution_statements": [], "labels": [{"id": 2, "name": "REMA1000", "image": "https://static-assets.digital.rema1000.dk/product/labels/2-64.webp"}], "description": null, "info": "", "images": [{"small": "https://rema-product-images.digital.rema1000.dk/100458/1-small-3MovlB0y9A.webp", "medium": "https://rema-product-images.digital.rema1000.dk/100458/1-medium-3MovlB0y9A.webp", "large": "https://rema-product-images.digital.rema1000.dk/100458/1-large-3MovlB0y9A.webp"}], "prices": [{"price": 11.25, "price_over_max_quantity": null, "max_quantity": null, "is_advertised": false, "is_campaign": false, "starting_at": "2024-01-04T00:00:00+00:00", "ending_at": "2025-09-06T00:00:00+00:00", "deposit": null, "compare_unit": "kg", "compare_unit_price": 37.5, "consumption_unit": null, "consumption_quantity": null}], "temperature_zone": null, "is_self_scale_item": false, "is_weight_item": false, "is_available_in_all_stores": true, "is_batch_item": false}
{"id": 100459, "name": "CHEESE DIP", "underline": "300 GR. / TEX MEX", "age_limit": null, "hazard_precaution_statements": [], "labels": [{"id": 2, "name": "REMA1000", "image": "https://static-assets.digital.rema1000.dk/product/labels/2-64.webp"}], "description": null, "info": "", "images": [{"small": "https://rema-product-images.digital.rema1000.dk/100459/1-small-KpqRr0b0qL.webp", "medium": "https://rema-product-images.digital.rema1000.dk/100459/1-medium-KpqRr0b0qL.webp", "large": "https://rema-product-images.digital.rema1000.dk/100459/1-large-KpqRr0b0qL.webp"}], "prices": [{"price": 11.25, "price_over_max_quantity": null, "max_quantity": null, "is_advertised": false, "is_campaign": false, "starting_at": "2024-01-04T00:00:00+00:00", "ending_at": "2025-09-06T00:00:00+00:00", "deposit": null, "compare_unit": "kg", "compare_unit_price": 37.5, "consumption_unit": null, "consumption_quantity": null}], "temperature_zone": null, "is_self_scale_item": false, "is_weight_item": false, "is_available_in_all_stores": true, "is_batch_item": false}
{"id": 100488, "name": "PIZZASAUCE", "underline": "280 GR. / REMA 1000", "age_limit": null, "hazard_precaution_statements": [], "labels": [{"id": 2, "name": "REMA1000", "image": "https://static-assets.digital.rema1000.dk/product/labels/2-64.webp"}], "description": null, "info": "", "images": [{"small": "https://rema-product-images.digital.rema1000.dk/100488/1-small-xePwynVEqw.webp", "medium": "https://rema-product-images.digital.rema1000.dk/100488/1-medium-xePwynVEqw.webp", "large": "https://rema-product-images.digital.rema1000.dk/100488/1-large-xePwynVEqw.webp"}], "prices": [{"price": 8.95, "price_over_max_quantity": null, "max_quantity": null, "is_advertised": false, "is_campaign": false, "starting_at": "2025-01-23T00:00:00+00:00", "ending_at": "2099-12-31T00:00:00+00:00", "deposit": null, "compare_unit": "kg", "compare_unit_price": 31.96, "consumption_unit": null, "consumption_quantity": null}], "temperature_zone": null, "is_self_scale_item": false, "is_weight_item": false, "is_available_in_all_stores": true, "is_batch_item": false}
{"id": 100501, "name": "FRUGT BAMSER", "underline": "40 GR. / MULTIFRUGT", "age_limit": null, "hazard_precaution_statements": [], "labels": [{"id": 6, "name": "Økologi", "image": "https://static-assets.digital.rema1000.dk/product/labels/6-64.webp"}], "description": null, "info": "", "images": [{"small": "https://rema-product-images.digital.rema1000.dk/100501/1-small-ElPB1pvY9k.webp", "medium": "https://rema-product-images.digital.rema1000.dk/100501/1-medium-ElPB1pvY9k.webp", "large": "https://rema-product-images.digital.rema1000.dk/100501/1-large-ElPB1pvY9k.webp"}], "prices": [{"price": 10, "price_over_max_quantity": null, "max_quantity": null, "is_advertised": false, "is_campaign": false, "starting_at": "2023-11-02T00:00:00+00:00", "ending_at": "2099-12-31T00:00:00+00:00", "deposit": null, "compare_unit": "kg", "compare_unit_price": 250, "consumption_unit": null, "consumption_quantity": null}], "temperature_zone": null, "is_self_scale_item": false, "is_weight_item": false, "is_available_in_all_stores": true, "is_batch_item": false}
{"id": 100516, "name": "RØD PESTO", "underline": "90 GR. / REMA 1000 ØKOLOGISK", "age_limit": null, "hazard_precaution_statements": [], "labels": [{"id": 2, "name": "REMA1000", "image": "https://static-assets.digital.rema1000.dk/product/labels/2-64.webp"}, {"id": 5, "name": "Økologi", "image": "https://static-assets.digital.rema1000.dk/product/labels/5-64.webp"}], "description": null, "info": "", "images": [{"small": "https://rema-product-images.digital.rema1000.dk/100516/1-small-6xqAz3bD9D.webp", "medium": "https://rema-product-images.digital.rema1000.dk/100516/1-medium-6xqAz3bD9D.webp", "large": "https://rema-product-images.digital.rema1000.dk/100516/1-large-6xqAz3bD9D.webp"}], "prices": [{"price": 10.25, "price_over_max_quantity": null, "max_quantity": null, "is_advertised": false, "is_campaign": false, "starting_at": "2025-01-23T00:00:00+00:00", "ending_at": "2099-12-31T00:00:00+00:00", "deposit": null, "compare_unit": "kg", "compare_unit_price": 113.89, "consumption_unit": null, "consumption_quantity": null}], "temperature_zone": null, "is_self_scale_item": false, "is_weight_item": false, "is_available_in_all_stores": true, "is_batch_item": false}
{"id": 100530, "name": "FULDKORNSLASAGNE", "underline": "270 GR. / REMA 1000 BLANDING", "age_limit": null, "hazard_precaution_statements": [], "labels": [{"id": 2, "name": "REMA1000", "image": "https://static-assets.digital.rema1000.dk/product/labels/2-64.webp"}], "description": null, "info": "", "images": [{"small": "https://rema-product-images.digital.rema1000.dk/100530/1-small-869D7wAeqM.webp", "medium": "https://rema-product-images.digital.rema1000.dk/100530/1-medium-869D7wAeqM.webp", "large": "https://rema-product-images.digital.rema1000.dk/100530/1-large-869D7wAeqM.webp"}], "prices": [{"price": 15.95, "price_over_max_quantity": null, "max_quantity": null, "is_advertised": false, "is_campaign": false, "starting_at": "2023-08-10T00:00:00+00:00", "ending_at": "2099-12-31T00:00:00+00:00", "deposit": null, "compare_unit": "kg", "compare_unit_price": 59.07, "consumption_unit": null, "consumption_quantity": null}], "temperature_zone": null, "is_self_scale_item": false, "is_weight_item": false, "is_available_in_all_stores": true, "is_batch_item": false}
{"id": 100555, "name": "BABYMAJS", "underline": "225 GR. / INSPIRING FOOD", "age_limit": null, "hazard_precaution_statements": [], "labels": [{"id": 2, "name": "REMA1000", "image": "https://static-assets.digital.rema1000.dk/product/labels/2-64.webp"}, {"id": 40, "name": "Nøglehul", "image": "https://static-assets.digital.rema1000.dk/product/labels/40-64.webp"}], "description": null, "info": "", "images": [{"small": "https://rema-product-images.digital.rema1000.dk/100555/1-small-A5qVzlVLqa.webp", "medium": "https://rema-product-images.digital.rema1000.dk/100555/1-medium-A5qVzlVLqa.webp", "large": "https://rema-product-images.digital.rema1000.dk/100555/1-large-A5qVzlVLqa.webp"}], "prices": [{"price": 6, "price_over_max_quantity": null, "max_quantity": null, "is_advertised": false, "is_campaign": false, "starting_at": "2025-05-15T00:00:00+00:00", "ending_at": "2099-12-31T00:00:00+00:00", "deposit": null, "compare_unit": "kg", "compare_unit_price": 26.67, "consumption_unit": null, "consumption_quantity": null}], "temperature_zone": null, "is_self_scale_item": false, "is_weight_item": false, "is_available_in_all_stores": true, "is_batch_item": false}
{"id": 100560, "name": "BAMBUSSKUD", "underline": "142 GR. / INSPIRING FOOD", "age_limit": null, "hazard_precaution_statements": [], "labels": [{"id": 2, "name": "REMA1000", "image": "https://static-assets.digital.rema1000.dk/product/labels/2-64.webp"}, {"id": 40, "name": "Nøglehul", "image": "https://static-assets.digital.rema1000.dk/product/labels/40-64.webp"}], "description": null, "info": "", "images": [{"small": "https://rema-product-images.digital.rema1000.dk/100560/1-small-6xqAz32D9D.webp", "medium": "https://rema-product-images.digital.rema1000.dk/100560/1-medium-6xqAz32D9D.webp", "large": "https://rema-product-images.digital.rema1000.dk/100560/1-large-6xqAz32D9D.webp"}], "prices": [{"price": 6.95, "price_over_max_quantity": null, "max_quantity": null, "is_advertised": false, "is_campaign": false, "starting_at": "2025-05-15T00:00:00+00:00", "ending_at": "2026-01-07T00:00:00+00:00", "deposit": null, "compare_unit": "kg", "compare_unit_price": 48.94, "consumption_unit": null, "consumption_quantity": null}], "temperature_zone": null, "is_self_scale_item": false, "is_weight_item": false, "is_available_in_all_stores": true, "is_batch_item": false}
{"id": 100595, "name": "HYBEN ÆBLE", "underline": "400 GR. / REMA 1000 MARMELADE", "age_limit": null, "hazard_precaution_statements": [], "labels": [{"id": 2, "name": "REMA1000", "image": "https://static-assets.digital.rema1000.dk/product/labels/2-64.webp"}], "description": null, "info": "", "images": [{"small": "https://rema-product-images.digital.rema1000.dk/100595/1-small-v09gyzrxoA.webp", "medium": "https://rema-product-images.digital.rema1000.dk/100595/1-medium-v09gyzrxoA.webp", "large": "https://rema-product-images.digital.rema1000.dk/100595/1-large-v09gyzrxoA.webp"}], "prices": [{"price": 15.95, "price_over_max_quantity": null, "max_quantity": null, "is_advertised": false, "is_campaign": false, "starting_at": "2024-10-17T00:00:00+00:00", "ending_at": "2099-12-31T00:00:00+00:00", "deposit": null, "compare_unit": "kg", "compare_unit_price": 39.88, "consumption_unit": null, "consumption_quantity": null}], "temperature_zone": null, "is_self_scale_item": false, "is_weight_item": false, "is_available_in_all_stores": true, "is_batch_item": false}
{"id": 100597, "name": "GRØN PESTO", "underline": "90 GR. / REMA 1000 ØKOLOGISKE", "age_limit": null, "hazard_precaution_statements": [], "labels": [{"id": 2, "name": "REMA1000", "image": "https://static-assets.digital.rema1000.dk/product/labels/2-64.webp"}, {"id": 5, "name": "Økologi", "image": "https://static-assets.digital.rema1000.dk/product/labels/5-64.webp"}], "description": null, "info": "", "images": [{"small": "https://rema-product-images.digital.rema1000.dk/100597/1-small-aboK8deVqp.webp", "medium": "https://rema-product-images.digital.rema1000.dk/100597/1-medium-aboK8deVqp.webp", "large": "https://rema-product-images.digital.rema1000.dk/100597/1-large-aboK8deVqp.webp"}], "prices": [{"price": 10.25, "price_over_max_quantity": null, "max_quantity": null, "is_advertised": false, "is_campaign": false, "starting_at": "2025-01-23T00:00:00+00:00", "ending_at": "2099-12-31T00:00:00+00:00", "deposit": null, "compare_unit": "kg", "compare_unit_price": 113.89, "consumption_unit": null, "consumption_quantity": null}], "temperature_zone": null, "is_self_scale_item": false, "is_weight_item": false, "is_available_in_all_stores": true, "is_batch_item": false}
{"id": 100598, "name": "BROMBÆRMARMELADE", "underline": "400 GR. / REMA 1000", "age_limit": null, "hazard_precaution_statements": [], "labels": [{"id": 2, "name": "REMA1000", "image": "https://static-assets.digital.rema1000.dk/product/labels/2-64.webp"}], "description": null, "info": "", "images": [{"small": "https://rema-product-images.digital.rema1000.dk/100598/1-small-Al90WKkyq8.webp", "medium": "https://rema-product-images.digital.rema1000.dk/100598/1-medium-Al90WKkyq8.webp", "large": "https://rema-product-images.digital.rema1000.dk/100598/1-large-Al90WKkyq8.webp"}], "prices": [{"price": 15.95, "price_over_max_quantity": null, "max_quantity": null, "is_advertised": false, "is_campaign": false, "starting_at": "2024-10-17T00:00:00+00:00", "ending_at": "2099-12-31T00:00:00+00:00", "deposit": null, "compare_unit": "kg", "compare_unit_price": 39.88, "consumption_unit": null, "consumption_quantity": null}], "temperature_zone": null, "is_self_scale_item": false, "is_weight_item": false, "is_available_in_all_stores": true, "is_batch_item": false}
{"id": 100677, "name": "CORNICHONER", "underline": "190 GR. / REMA 1000", "age_limit": null, "hazard_precaution_statements": [], "labels": [{"id": 2, "name": "REMA1000", "image": "https://static-assets.digital.rema1000.dk/product/labels/2-64.webp"}], "description": null, "info": "", "images": [{"small": "https://rema-product-images.digital.rema1000.dk/100677/1-small-YLPjLNlAqk.webp", "medium": "https://rema-product-images.digital.rema1000.dk/100677/1-medium-YLPjLNlAqk.webp", "large": "https://rema-product-images.digital.rema1000.dk/100677/1-large-YLPjLNlAqk.webp"}], "prices": [{"price": 7.75, "price_over_max_quantity": null, "max_quantity": null, "is_advertised": false, "is_campaign": false, "starting_at": "2023-05-11T00:00:00+00:00", "ending_at": "2099-12-31T00:00:00+00:00", "deposit": null, "compare_unit": "kg", "compare_unit_price": 40.79, "consumption_unit": null, "consumption_quantity": null}], "temperature_zone": null, "is_self_scale_item": false, "is_weight_item": false, "is_available_in_all_stores": true, "is_batch_item": false}
{"id": 10068, "name": "ICETEA FERSKEN", "underline": "1.5 LTR. / REMA 1000", "age_limit": null, "hazard_precaution_statements": [], "labels": [{"id": 2, "name": "REMA1000", "image": "https://static-assets.digital.rema1000.dk/product/labels/2-64.webp"}], "description": "<b>Discount med holdning</b><br />I REMA 1000 har vi fokus på kvalitet til lave priser og overskriften på vores arbejde er Discount med holdning.<br /> <br />Vi har en klar holdning til alle de varer, vi sælger. Vi stiller ikke kun krav til kvaliteten af vores egne mærkevarer – det er også vigtigt for os, at emballagerne er designet til genanvendelse, at indholdet er uden problematiske stoffer, og at varerne er produceret ansvarligt samt mærket med tydelige og valide certificeringer.<br /> <br /><b>Om denne vare</b><br />﻿REMA 1000 ice tea med smag af fersken og sort te er frisk og læskende. Ice tea nydes bedst iskold og gerne med isterninger og en citronskive.", "info": "", "images": [{"small": "https://rema-product-images.digital.rema1000.dk/10068/1-small-vXod3neP3k.webp", "medium": "https://rema-product-images.digital.rema1000.dk/10068/1-medium-vXod3neP3k.webp", "large": "https://rema-product-images.digital.rema1000.dk/10068/1-large-vXod3neP3k.webp"}], "prices": [{"price": 5, "price_over_max_quantity": null, "max_quantity": null, "is_advertised": false, "is_campaign": false, "starting_at": "2023-09-21T00:00:00+00:00", "ending_at": "2099-12-31T00:00:00+00:00", "deposit": null, "compare_unit": "ltr", "compare_unit_price": 3.33, "consumption_unit": null, "consumption_quantity": null}], "temperature_zone": null, "is_self_scale_item": false, "is_weight_item": false, "is_available_in_all_stores": true, "is_batch_item": false}
{"id": 100703, "name": "FERSKNER I SIRUP", "underline": "485 GR. / REMA 1000", "age_limit": null, "hazard_precaution_statements": [], "labels": [{"id": 2, "name": "REMA1000", "image": "https://static-assets.digital.rema1000.dk/product/labels/2-64.webp"}], "description": null, "info": "", "images": [{"small": "https://rema-product-images.digital.rema1000.dk/100703/1-small-3MoMVK8kq5.webp", "medium": "https://rema-product-images.digital.rema1000.dk/100703/1-medium-3MoMVK8kq5.webp", "large": "https://rema-product-images.digital.rema1000.dk/100703/1-large-3MoMVK8kq5.webp"}], "prices": [{"price": 16.25, "price_over_max_quantity": null, "max_quantity": null, "is_advertised": false, "is_campaign": false, "starting_at": "2025-01-23T00:00:00+00:00", "ending_at": "2025-10-01T00:00:00+00:00", "deposit": null, "compare_unit": "kg", "compare_unit_price": 33.51, "consumption_unit": null, "consumption_quantity": null}], "temperature_zone": null, "is_self_scale_item": false, "is_weight_item": false, "is_available_in_all_stores": true, "is_batch_item": false}
{"id": 100707, "name": "HVERDAGSHONNING", "underline": "250 GR. / JAKOBSENS", "age_limit": null, "hazard_precaution_statements": [], "labels": [], "description": "Blanding af honning fra lande uden for EU<br /> Tappet og pakket i Danmark <br />", "info": "", "images": [{"small": "https://rema-product-images.digital.rema1000.dk/100707/1-small-v09gy8R0oA.webp", "medium": "https://rema-product-images.digital.rema1000.dk/100707/1-medium-v09gy8R0oA.webp", "large": "https://rema-product-images.digital.rema1000.dk/100707/1-large-v09gy8R0oA.webp"}], "prices": [{"price": 23.95, "price_over_max_quantity": null, "max_quantity": null, "is_advertised": false, "is_campaign": false, "starting_at": "2025-02-27T00:00:00+00:00", "ending_at": "2099-12-31T00:00:00+00:00", "deposit": null, "compare_unit": "kg", "compare_unit_price": 95.8, "consumption_unit": null, "consumption_quantity": null}], "temperature_zone": null, "is_self_scale_item": false, "is_weight_item": false, "is_available_in_all_stores": true, "is_batch_item": false}
{"id": 100710, "name": "FRUGTCOCKTAIL", "underline": "410 ML. / REMA 1000", "age_limit": null, "hazard_precaution_statements": [], "labels": [{"id": 2, "name": "REMA1000", "image": "https://static-assets.digital.rema1000.dk/product/labels/2-64.webp"}], "description": null, "info": "", "images": [{"small": "https://rema-product-images.digital.rema1000.dk/100710/1-small-Al90Wrdnq8.webp", "medium": "https://rema-product-images.digital.rema1000.dk/100710/1-medium-Al90Wrdnq8.webp", "large": "https://rema-product-images.digital.rema1000.dk/100710/1-large-Al90Wrdnq8.webp"}], "prices": [{"price": 8.75, "price_over_max_quantity": null, "max_quantity": null, "is_advertised": false, "is_campaign": false, "starting_at": "2025-01-23T00:00:00+00:00", "ending_at": "2099-12-31T00:00:00+00:00", "deposit": null, "compare_unit": "ltr", "compare_unit_price": 21.34, "consumption_unit": null, "consumption_quantity": null}], "temperature_zone": null, "is_self_scale_item": false, "is_weight_item": false, "is_available_in_all_stores": true, "is_batch_item": false}
{"id": 100741, "name": "DANSK HONNING", "underline": "425 GR. / HONNINGBIEN", "age_limit": null, "hazard_precaution_statements": [], "labels": [], "description": "Dansk honning med en lækker mild og fyldig honningsmag, fra DanHoney’s 4 biavlere i det naturskønne Vestsjælland.<br /> Honning er et naturprodukt og kan derfor variere afhængig af høst, men vi tilstræber en ensartet kvalitet året rundt.<br /> Opbevaring: Smørbar ved stuetemperatur. Ønskes honningen mere fast, kan den sættes i køleskabet. Honning bør ikke gives til børn under 1 år.<br />", "info": "", "images": [{"small": "https://rema-product-images.digital.rema1000.dk/100741/1-small-we9EOMOAog.webp", "medium": "https://rema-product-images.digital.rema1000.dk/100741/1-medium-we9EOMOAog.webp", "large": "https://rema-product-images.digital.rema1000.dk/100741/1-large-we9EOMOAog.webp"}], "prices": [{"price": 32.95, "price_over_max_quantity": null, "max_quantity": null, "is_advertised": false, "is_campaign": false, "starting_at": "2022-12-22T00:00:00+00:00", "ending_at": "2025-09-13T00:00:00+00:00", "deposit": null, "compare_unit": "kg", "compare_unit_price": 77.53, "consumption_unit": null, "consumption_quantity": null}], "temperature_zone": null, "is_self_scale_item": false, "is_weight_item": false, "is_available_in_all_stores": true, "is_batch_item": false}
{"id": 100816, "name": "PERLELØG", "underline": "190 GR. / REMA1000", "age_limit": null, "hazard_precaution_statements": [], "labels": [{"id": 2, "name": "REMA1000", "image": "https://static-assets.digital.rema1000.dk/product/labels/2-64.webp"}], "description": null, "info": "", "images": [{"small": "https://rema-product-images.digital.rema1000.dk/100816/1-small-6xqAzjrR9D.webp", "medium": "https://rema-product-images.digital.rema1000.dk/100816/1-medium-6xqAzjrR9D.webp", "large": "https://rema-product-images.digital.rema1000.dk/100816/1-large-6xqAzjrR9D.webp"}], "prices": [{"price": 7.5, "price_over_max_quantity": null, "max_quantity": null, "is_advertised": false, "is_campaign": false, "starting_at": "2023-08-31T00:00:00+00:00", "ending_at": "2099-12-31T00:00:00+00:00", "deposit": null, "compare_unit": "kg", "compare_unit_price": 39.47, "consumption_unit": null, "consumption_quantity": null}], "temperature_zone": null, "is_self_scale_item": false, "is_weight_item": false, "is_available_in_all_stores": true, "is_batch_item": false}
{"id": 100831, "name": "RØD KARRYPASTA", "underline": "110 GR. / INSPIRING FOOD", "age_limit": null, "hazard_precaution_statements": [], "labels": [{"id": 2, "name": "REMA1000", "image": "https://static-assets.digital.rema1000.dk/product/labels/2-64.webp"}], "description": null, "info": "", "images": [{"small": "https://rema-product-images.digital.rema1000.dk/100831/1-small-01q23R8Y97.webp", "medium": "https://rema-product-images.digital.rema1000.dk/100831/1-medium-01q23R8Y97.webp", "large": "https://rema-product-images.digital.rema1000.dk/100831/1-large-01q23R8Y97.webp"}], "prices": [{"price": 11.5, "price_over_max_quantity": null, "max_quantity": null, "is_advertised": false, "is_campaign": false, "starting_at": "2024-10-17T00:00:00+00:00", "ending_at": "2099-12-31T00:00:00+00:00", "deposit": null, "compare_unit": "kg", "compare_unit_price": 104.55, "consumption_unit": null, "consumption_quantity": null}], "temperature_zone": null, "is_self_scale_item": false, "is_weight_item": false, "is_available_in_all_stores": true, "is_batch_item": false}
{"id": 100840, "name": "PAPRIKA STRIMLER", "underline": "180 GR. / REMA 1000", "age_limit": null, "hazard_precaution_statements": [], "labels": [{"id": 2, "name": "REMA1000", "image": "https://static-assets.digital.rema1000.dk/product/labels/2-64.webp"}], "description": null, "info": "", "images": [{"small": "https://rema-product-images.digital.rema1000.dk/100840/1-small-rQqQlK8Boe.webp", "medium": "https://rema-product-images.digital.rema1000.dk/100840/1-medium-rQqQlK8Boe.webp", "large": "https://rema-product-images.digital.rema1000.dk/100840/1-large-rQqQlK8Boe.webp"}], "prices": [{"price": 10.95, "price_over_max_quantity": null, "max_quantity": null, "is_advertised": false, "is_campaign": false, "starting_at": "2024-11-07T00:00:00+00:00", "ending_at": "2099-12-31T00:00:00+00:00", "deposit": null, "compare_unit": "kg", "compare_unit_price": 60.83, "consumption_unit": null, "consumption_quantity": null}], "temperature_zone": null, "is_self_scale_item": false, "is_weight_item": false, "is_available_in_all_stores": true, "is_batch_item": false}
{"id": 100847, "name": "KLAR EDDIKE", "underline": "1 LTR. / REMA 1000", "age_limit": null, "hazard_precaution_statements": [], "labels": [{"id": 2, "name": "REMA1000", "image": "https://static-assets.digital.rema1000.dk/product/labels/2-64.webp"}], "description": null, "info": "", "images": [{"small": "https://rema-product-images.digital.rema1000.dk/100847/1-small-3MoMVKe1q5.webp", "medium": "https://rema-product-images.digital.rema1000.dk/100847/1-medium-3MoMVKe1q5.webp", "large": "https://rema-product-images.digital.rema1000.dk/100847/1-large-3MoMVKe1q5.webp"}], "prices": [{"price": 5.95, "price_over_max_quantity": null, "max_quantity": null, "is_advertised": false, "is_campaign": false, "starting_at": "2023-12-07T00:00:00+00:00", "ending_at": "2099-12-31T00:00:00+00:00", "deposit": null, "compare_unit": "ltr", "compare_unit_price": 5.95, "consumption_unit": null, "consumption_quantity": null}], "temperature_zone": null, "is_self_scale_item": false, "is_weight_item": false, "is_available_in_all_stores": true, "is_batch_item": false}
{"id": 100914, "name": "HVIDVINSEDDIKE", "underline": "250 ML. / CUCINA", "age_limit": null, "hazard_precaution_statements": [], "labels": [], "description": null, "info": "", "images": [{"small": "https://rema-product-images.digital.rema1000.dk/100914/1-small-3MovlaQX9A.webp", "medium": "https://rema-product-images.digital.rema1000.dk/100914/1-medium-3MovlaQX9A.webp", "large": "https://rema-product-images.digital.rema1000.dk/100914/1-large-3MovlaQX9A.webp"}], "prices": [{"price": 7.25, "price_over_max_quantity": null, "max_quantity": null, "is_advertised": false, "is_campaign": false, "starting_at": "2024-01-11T00:00:00+00:00", "ending_at": "2099-12-31T00:00:00+00:00", "deposit": null, "compare_unit": "ltr", "compare_unit_price": 29, "consumption_unit": null, "consumption_quantity": null}], "temperature_zone": null, "is_self_scale_item": false, "is_weight_item": false, "is_available_in_all_stores": true, "is_batch_item": false}
{"id": 10092, "name": "APPELSINJUICE, BRIK", "underline": "25 CL. / REMA 1000", "age_limit": null, "hazard_precaution_statements": [], "labels": [{"id": 2, "name": "REMA1000", "image": "https://static-assets.digital.rema1000.dk/product/labels/2-64.webp"}], "description": "<b>Discount med holdning</b><br />I REMA 1000 har vi fokus på kvalitet til lave priser og overskriften på vores arbejde er Discount med holdning.<br /> <br />Vi har en klar holdning til alle de varer, vi sælger. Vi stiller ikke kun krav til kvaliteten af vores egne mærkevarer – det er også vigtigt for os, at emballagerne er designet til genanvendelse, at indholdet er uden problematiske stoffer, og at varerne er produceret ansvarligt samt mærket med tydelige og valide certificeringer.<br /> <br /><b>Om denne vare</b><br />REMA 1000 appelsinjuice fra koncentrat er lavet af saftige appelsiner. Brikjuicen er perfekt til madpakken eller på turen. Ryst kartonen før brug og få hele den gode smag med.", "info": "", "images": [{"small": "https://rema-product-images.digital.rema1000.dk/10092/1-small-OJq57VXPpr.webp", "medium": "https://rema-product-images.digital.rema1000.dk/10092/1-medium-OJq57VXPpr.webp", "large": "https://rema-product-images.digital.rema1000.dk/10092/1-large-OJq57VXPpr.webp"}], "prices": [{"price": 5, "price_over_max_quantity": null, "max_quantity": null, "is_advertised": false, "is_campaign": false, "starting_at": "2025-02-06T00:00:00+00:00", "ending_at": "2099-12-31T00:00:00+00:00", "deposit": null, "compare_unit": "ltr", "compare_unit_price": 20, "consumption_unit": null, "consumption_quantity": null}], "temperature_zone": null, "is_self_scale_item": false, "is_weight_item": false, "is_available_in_all_stores": true, "is_batch_item": false}
{"id": 10093, "name": "MULTIJUICE, BRIK", "underline": "25 CL. / REMA 1000", "age_limit": null, "hazard_precaution_statements": [], "labels": [{"id": 2, "name": "REMA1000", "image": "https://static-assets.digital.rema1000.dk/product/labels/2-64.webp"}], "description": "<b>Discount med holdning</b><br />I REMA 1000 har vi fokus på kvalitet til lave priser og overskriften på vores arbejde er Discount med holdning.<br /> <br />Vi har en klar holdning til alle de varer, vi sælger. Vi stiller ikke kun krav til kvaliteten af vores egne mærkevarer – det er også vigtigt for os, at emballagerne er designet til genanvendelse, at indholdet er uden problematiske stoffer, og at varerne er produceret ansvarligt samt mærket med tydelige og valide certificeringer.<br /> <br /><b>Om denne vare</b><br />REMA 1000 multijuice delvis fra koncentrat er lavet af forskellige eksotiske frugter. Brikjuicen er perfekt til madpakken eller på turen og nydes bedst iskold.", "info": "", "images": [{"small": "https://rema-product-images.digital.rema1000.dk/10093/1-small-xQq8aO29Zd.webp", "medium": "https://rema-product-images.digital.rema1000.dk/10093/1-medium-xQq8aO29Zd.webp", "large": "https://rema-product-images.digital.rema1000.dk/10093/1-large-xQq8aO29Zd.webp"}], "prices": [{"price": 4, "price_over_max_quantity": null, "max_quantity": null, "is_advertised": false, "is_campaign": false, "starting_at": "2025-02-06T00:00:00+00:00", "ending_at": "2099-12-31T00:00:00+00:00", "deposit": null, "compare_unit": "ltr", "compare_unit_price": 16, "consumption_unit": null, "consumption_quantity": null}], "temperature_zone": null, "is_self_scale_item": false, "is_weight_item": false, "is_available_in_all_stores": true, "is_batch_item": false}
{"id": 10098, "name": "ÆBLEJUICE, BRIK", "underline": "20 CL. / REMA 1000, ØKOLOGISK", "age_limit": null, "hazard_precaution_statements": [], "labels": [{"id": 2, "name": "REMA1000", "image": "https://static-assets.digital.rema1000.dk/product/labels/2-64.webp"}, {"id": 5, "name": "Økologi", "image": "https://static-assets.digital.rema1000.dk/product/labels/5-64.webp"}, {"id": 6, "name": "Økologi", "image": "https://static-assets.digital.rema1000.dk/product/labels/6-64.webp"}], "description": "<b>Discount med holdning</b><br />I REMA 1000 har vi fokus på kvalitet til lave priser og overskriften på vores arbejde er Discount med holdning.<br /> <br />Vi har en klar holdning til alle de varer, vi sælger. Vi stiller ikke kun krav til kvaliteten af vores egne mærkevarer – det er også vigtigt for os, at emballagerne er designet til genanvendelse, at indholdet er uden problematiske stoffer, og at varerne er produceret ansvarligt samt mærket med tydelige og valide certificeringer.<br /> <br /><b>Om denne vare</b><br />REMA 1000 økologisk æblejuice fra koncentrat er mild og rund i smagen. Brikjuicen er perfekt til madpakken eller på turen. Ryst kartonen før brug og få hele den gode smag med.", "info": "", "images": [{"small": "https://rema-product-images.digital.rema1000.dk/10098/1-small-Al90MV7P8w.webp", "medium": "https://rema-product-images.digital.rema1000.dk/10098/1-medium-Al90MV7P8w.webp", "large": "https://rema-product-images.digital.rema1000.dk/10098/1-large-Al90MV7P8w.webp"}], "prices": [{"price": 4, "price_over_max_quantity": null, "max_quantity": null, "is_advertised": false, "is_campaign": false, "starting_at": "2025-02-06T00:00:00+00:00", "ending_at": "2099-12-31T00:00:00+00:00", "deposit": null, "compare_unit": "ltr", "compare_unit_price": 20, "consumption_unit": null, "consumption_quantity": null}], "temperature_zone": null, "is_self_scale_item": false, "is_weight_item": false, "is_available_in_all_stores": true, "is_batch_item": false}
{"id": 100988, "name": "TARTELETFYLD", "underline": "400 GR. / REMA 1000 MED KYLLING", "age_limit": null, "hazard_precaution_statements": [], "labels": [{"id": 2, "name": "REMA1000", "image": "https://static-assets.digital.rema1000.dk/product/labels/2-64.webp"}], "description": null, "info": "", "images": [{"small": "https://rema-product-images.digital.rema1000.dk/100988/1-small-xePwyJnJqw.webp", "medium": "https://rema-product-images.digital.rema1000.dk/100988/1-medium-xePwyJnJqw.webp", "large": "https://rema-product-images.digital.rema1000.dk/100988/1-large-xePwyJnJqw.webp"}], "prices": [{"price": 26.5, "price_over_max_quantity": null, "max_quantity": null, "is_advertised": false, "is_campaign": false, "starting_at": "2022-09-22T00:00:00+00:00", "ending_at": "2099-12-31T00:00:00+00:00", "deposit": null, "compare_unit": "kg", "compare_unit_price": 66.25, "consumption_unit": null, "consumption_quantity": null}], "temperature_zone": null, "is_self_scale_item": false, "is_weight_item": false, "is_available_in_all_stores": true, "is_batch_item": false}
{"id": 100995, "name": "RISRET", "underline": "282 GR. / REMA 1000", "age_limit": null, "hazard_precaution_statements": [], "labels": [{"id": 2, "name": "REMA1000", "image": "https://static-assets.digital.rema1000.dk/product/labels/2-64.webp"}], "description": null, "info": "", "images": [{"small": "https://rema-product-images.digital.rema1000.dk/100995/1-small-v09gy8zEoA.webp", "medium": "https://rema-product-images.digital.rema1000.dk/100995/1-medium-v09gy8zEoA.webp", "large": "https://rema-product-images.digital.rema1000.dk/100995/1-large-v09gy8zEoA.webp"}], "prices": [{"price": 15.95, "price_over_max_quantity": null, "max_quantity": null, "is_advertised": false, "is_campaign": false, "starting_at": "2023-08-10T00:00:00+00:00", "ending_at": "2099-12-31T00:00:00+00:00", "deposit": null, "compare_unit": "kg", "compare_unit_price": 56.56, "consumption_unit": null, "consumption_quantity": null}], "temperature_zone": null, "is_self_scale_item": false, "is_weight_item": false, "is_available_in_all_stores": true, "is_batch_item": false}
{"id": 100996, "name": "SPAGHETTI CARBONARA", "underline": "180 GR. / REMA 1000", "age_limit": null, "hazard_precaution_statements": [], "labels": [{"id": 2, "name": "REMA1000", "image": "https://static-assets.digital.rema1000.dk/product/labels/2-64.webp"}], "description": "Spaghetti og saucemix med ost og grisekød.<br />", "info": "", "images": [{"small": "https://rema-product-images.digital.rema1000.dk/100996/1-small-NpP7kDjvPO.webp", "medium": "https://rema-product-images.digital.rema1000.dk/100996/1-medium-NpP7kDjvPO.webp", "large": "https://rema-product-images.digital.rema1000.dk/100996/1-large-NpP7kDjvPO.webp"}], "prices": [{"price": 14.95, "price_over_max_quantity": null, "max_quantity": null, "is_advertised": false, "is_campaign": false, "starting_at": "2022-12-29T00:00:00+00:00", "ending_at": "2099-12-31T00:00:00+00:00", "deposit": null, "compare_unit": "kg", "compare_unit_price": 83.06, "consumption_unit": null, "consumption_quantity": null}], "temperature_zone": null, "is_self_scale_item": false, "is_weight_item": false, "is_available_in_all_stores": true, "is_batch_item": false}
{"id": 100999, "name": "ANANASRINGE", "underline": "340 GR. / REMA 1000", "age_limit": null, "hazard_precaution_statements": [], "labels": [{"id": 2, "name": "REMA1000", "image": "https://static-assets.digital.rema1000.dk/product/labels/2-64.webp"}], "description": "10 skiver.<br />", "info": "", "images": [{"small": "https://rema-product-images.digital.rema1000.dk/100999/1-small-A5qVzQl3qa.webp", "medium": "https://rema-product-images.digital.rema1000.dk/100999/1-medium-A5qVzQl3qa.webp", "large": "https://rema-product-images.digital.rema1000.dk/100999/1-large-A5qVzQl3qa.webp"}], "prices": [{"price": 12.95, "price_over_max_quantity": null, "max_quantity": null, "is_advertised": false, "is_campaign": false, "starting_at": "2025-01-23T00:00:00+00:00", "ending_at": "2099-12-31T00:00:00+00:00", "deposit": null, "compare_unit": "kg", "compare_unit_price": 38.09, "consumption_unit": null, "consumption_quantity": null}], "temperature_zone": null, "is_self_scale_item": false, "is_weight_item": false, "is_available_in_all_stores": true, "is_batch_item": false}
{"id": 101004, "name": "ANANASSTYKKER", "underline": "340 GR. / REMA 1000", "age_limit": null, "hazard_precaution_statements": [], "labels": [{"id": 2, "name": "REMA1000", "image": "https://static-assets.digital.rema1000.dk/product/labels/2-64.webp"}], "description": null, "info": "", "images": [{"small": "https://rema-product-images.digital.rema1000.dk/101004/1-small-OJq52REn9p.webp", "medium": "https://rema-product-images.digital.rema1000.dk/101004/1-medium-OJq52REn9p.webp", "large": "https://rema-product-images.digital.rema1000.dk/101004/1-large-OJq52REn9p.webp"}], "prices": [{"price": 14.25, "price_over_max_quantity": null, "max_quantity": null, "is_advertised": false, "is_campaign": false, "starting_at": "2025-03-27T00:00:00+00:00", "ending_at": "2099-12-31T00:00:00+00:00", "deposit": null, "compare_unit": "kg", "compare_unit_price": 41.91, "consumption_unit": null, "consumption_quantity": null}], "temperature_zone": null, "is_self_scale_item": false, "is_weight_item": false, "is_available_in_all_stores": true, "is_batch_item": false}
{"id": 10104, "name": "APPELSINJUICE", "underline": "1.5 LTR. / REMA 1000", "age_limit": null, "hazard_precaution_statements": [], "labels": [{"id": 2, "name": "REMA1000", "image": "https://static-assets.digital.rema1000.dk/product/labels/2-64.webp"}], "description": "<b>Discount med holdning</b><br />I REMA 1000 har vi fokus på kvalitet til lave priser og overskriften på vores arbejde er Discount med holdning.<br /> <br />Vi har en klar holdning til alle de varer, vi sælger. Vi stiller ikke kun krav til kvaliteten af vores egne mærkevarer – det er også vigtigt for os, at emballagerne er designet til genanvendelse, at indholdet er uden problematiske stoffer, og at varerne er produceret ansvarligt samt mærket med tydelige og valide certificeringer.<br /> <br /><b>Om denne vare</b><br />REMA 1000 appelsinjuice fra koncentrat er lavet af saftige appelsiner. Juicen er en klassiker på det danske morgenbord og nydes bedst iskold. Ryst kartonen før brug og få hele den gode smag med.", "info": "", "images": [{"small": "https://rema-product-images.digital.rema1000.dk/10104/1-small-OJq57VlPpr.webp", "medium": "https://rema-product-images.digital.rema1000.dk/10104/1-medium-OJq57VlPpr.webp", "large": "https://rema-product-images.digital.rema1000.dk/10104/1-large-OJq57VlPpr.webp"}], "prices": [{"price": 26.95, "price_over_max_quantity": null, "max_quantity": null, "is_advertised": false, "is_campaign": false, "starting_at": "2025-06-05T00:00:00+00:00", "ending_at": "2099-12-31T00:00:00+00:00", "deposit": null, "compare_unit": "ltr", "compare_unit_price": 17.97, "consumption_unit": null, "consumption_quantity": null}], "temperature_zone": null, "is_self_scale_item": false, "is_weight_item": false, "is_available_in_all_stores": true, "is_batch_item": false}
{"id": 101109, "name": "LEVERPOSTEJ", "underline": "250 GR. / FAABORG", "age_limit": null, "hazard_precaution_statements": [], "labels": [], "description": null, "info": "", "images": [{"small": "https://rema-product-images.digital.rema1000.dk/101109/1-small-aboK8KGwqp.webp", "medium": "https://rema-product-images.digital.rema1000.dk/101109/1-medium-aboK8KGwqp.webp", "large": "https://rema-product-images.digital.rema1000.dk/101109/1-large-aboK8KGwqp.webp"}], "prices": [{"price": 16.5, "price_over_max_quantity": null, "max_quantity": null, "is_advertised": false, "is_campaign": false, "starting_at": "2025-02-27T00:00:00+00:00", "ending_at": "2099-12-31T00:00:00+00:00", "deposit": null, "compare_unit": "kg", "compare_unit_price": 66, "consumption_unit": null, "consumption_quantity": null}], "temperature_zone": null, "is_self_scale_item": false, "is_weight_item": false, "is_available_in_all_stores": true, "is_batch_item": false}
{"id": 101130, "name": "MINI ROSINÆSKER", "underline": "126 GR. / REMA 1000", "age_limit": null, "hazard_precaution_statements": [], "labels": [{"id": 2, "name": "REMA1000", "image": "https://static-assets.digital.rema1000.dk/product/labels/2-64.webp"}], "description": null, "info": "", "images": [{"small": "https://rema-product-images.digital.rema1000.dk/101130/1-small-869D7n3MqM.webp", "medium": "https://rema-product-images.digital.rema1000.dk/101130/1-medium-869D7n3MqM.webp", "large": "https://rema-product-images.digital.rema1000.dk/101130/1-large-869D7n3MqM.webp"}], "prices": [{"price": 10.95, "price_over_max_quantity": null, "max_quantity": null, "is_advertised": false, "is_campaign": false, "starting_at": "2025-04-17T00:00:00+00:00", "ending_at": "2099-12-31T00:00:00+00:00", "deposit": null, "compare_unit": "kg", "compare_unit_price": 86.9, "consumption_unit": null, "consumption_quantity": null}], "temperature_zone": null, "is_self_scale_item": false, "is_weight_item": false, "is_available_in_all_stores": true, "is_batch_item": false}
{"id": 101137, "name": "TORTILLA CHIPS SALT", "underline": "100 GR. / TEX MEX ØKOLOGISK", "age_limit": null, "hazard_precaution_statements": [], "labels": [{"id": 2, "name": "REMA1000", "image": "https://static-assets.digital.rema1000.dk/product/labels/2-64.webp"}, {"id": 5, "name": "Økologi", "image": "https://static-assets.digital.rema1000.dk/product/labels/5-64.webp"}], "description": "VORES SPRØDE MAJSCHIPS MED HAVSALT ER PERFEKTE TIL NACHOS MED OST PÅ TOPPEN. KAN OGSÅ SPISES FRA POSEN MED EN SALSA ELLER GUACAMOLE SOM DIP.<br />", "info": "", "images": [{"small": "https://rema-product-images.digital.rema1000.dk/101137/1-small-JzPJnEWYPk.webp", "medium": "https://rema-product-images.digital.rema1000.dk/101137/1-medium-JzPJnEWYPk.webp", "large": "https://rema-product-images.digital.rema1000.dk/101137/1-large-JzPJnEWYPk.webp"}], "prices": [{"price": 13.5, "price_over_max_quantity": null, "max_quantity": null, "is_advertised": false, "is_campaign": false, "starting_at": "2022-12-01T00:00:00+00:00", "ending_at": "2099-12-31T00:00:00+00:00", "deposit": null, "compare_unit": "kg", "compare_unit_price": 135, "consumption_unit": null, "consumption_quantity": null}], "temperature_zone": null, "is_self_scale_item": false, "is_weight_item": false, "is_available_in_all_stores": true, "is_batch_item": false}
{"id": 10116, "name": "SMOOTHIE", "underline": "25 CL. / MANGO & BANAN", "age_limit": null, "hazard_precaution_statements": [], "labels": [{"id": 2, "name": "REMA1000", "image": "https://static-assets.digital.rema1000.dk/product/labels/2-64.webp"}], "description": "<b>Discount med holdning</b><br />I REMA 1000 har vi fokus på kvalitet til lave priser og overskriften på vores arbejde er Discount med holdning.<br /> <br />Vi har en klar holdning til alle de varer, vi sælger. Vi stiller ikke kun krav til kvaliteten af vores egne mærkevarer – det er også vigtigt for os, at emballagerne er designet til genanvendelse, at indholdet er uden problematiske stoffer, og at varerne er produceret ansvarligt samt mærket med tydelige og valide certificeringer.<br /> <br /><b>Om denne vare</b><br />REMA 1000 smoothie med mango og banan er mild og cremet og indeholder også fem andre slags frugt. Denne smoothie er god i madpakken, til morgenmaden eller som drikkesnack på farten.", "info": "", "images": [{"small": "https://rema-product-images.digital.rema1000.dk/10116/1-small-6xqAO1bPDr.webp", "medium": "https://rema-product-images.digital.rema1000.dk/10116/1-medium-6xqAO1bPDr.webp", "large": "https://rema-product-images.digital.rema1000.dk/10116/1-large-6xqAO1bPDr.webp"}], "prices": [{"price": 12.95, "price_over_max_quantity": null, "max_quantity": null, "is_advertised": false, "is_campaign": false, "starting_at": "2025-01-02T00:00:00+00:00", "ending_at": "2099-12-31T00:00:00+00:00", "deposit": 1.5, "compare_unit": "ltr", "compare_unit_price": 51.8, "consumption_unit": null, "consumption_quantity": null}], "temperature_zone": null, "is_self_scale_item": false, "is_weight_item": false, "is_available_in_all_stores": true, "is_batch_item": false}
{"id": 101167, "name": "SØD CHILISAUCE", "underline": "700 ML. / INSPIRING FOOD", "age_limit": null, "hazard_precaution_statements": [], "labels": [{"id": 2, "name": "REMA1000", "image": "https://static-assets.digital.rema1000.dk/product/labels/2-64.webp"}], "description": null, "info": "", "images": [{"small": "https://rema-product-images.digital.rema1000.dk/101167/1-small-MNqZnbddqA.webp", "medium": "https://rema-product-images.digital.rema1000.dk/101167/1-medium-MNqZnbddqA.webp", "large": "https://rema-product-images.digital.rema1000.dk/101167/1-large-MNqZnbddqA.webp"}], "prices": [{"price": 22.95, "price_over_max_quantity": null, "max_quantity": null, "is_advertised": false, "is_campaign": false, "starting_at": "2025-02-06T00:00:00+00:00", "ending_at": "2099-12-31T00:00:00+00:00", "deposit": null, "compare_unit": "ltr", "compare_unit_price": 32.79, "consumption_unit": null, "consumption_quantity": null}], "temperature_zone": null, "is_self_scale_item": false, "is_weight_item": false, "is_available_in_all_stores": true, "is_batch_item": false}
{"id": 101196, "name": "SORTE BØNNER", "underline": "252 GR. / REMA 1000", "age_limit": null, "hazard_precaution_statements": [], "labels": [{"id": 2, "name": "REMA1000", "image": "https://static-assets.digital.rema1000.dk/product/labels/2-64.webp"}, {"id": 5, "name": "Økologi", "image": "https://static-assets.digital.rema1000.dk/product/labels/5-64.webp"}, {"id": 40, "name": "Nøglehul", "image": "https://static-assets.digital.rema1000.dk/product/labels/40-64.webp"}], "description": null, "info": "", "images": [{"small": "https://rema-product-images.digital.rema1000.dk/101196/1-small-NpP7kD4MPO.webp", "medium": "https://rema-product-images.digital.rema1000.dk/101196/1-medium-NpP7kD4MPO.webp", "large": "https://rema-product-images.digital.rema1000.dk/101196/1-large-NpP7kD4MPO.webp"}], "prices": [{"price": 7.5, "price_over_max_quantity": null, "max_quantity": null, "is_advertised": false, "is_campaign": false, "starting_at": "2025-01-23T00:00:00+00:00", "ending_at": "2025-09-06T00:00:00+00:00", "deposit": null, "compare_unit": "kg", "compare_unit_price": 29.76, "consumption_unit": null, "consumption_quantity": null}], "temperature_zone": null, "is_self_scale_item": false, "is_weight_item": false, "is_available_in_all_stores": true, "is_batch_item": false}
{"id": 101240, "name": "CREMET JORDBÆR", "underline": "280 GR. / REMA 1000 MARMELADE", "age_limit": null, "hazard_precaution_statements": [], "labels": [{"id": 2, "name": "REMA1000", "image": "https://static-assets.digital.rema1000.dk/product/labels/2-64.webp"}], "description": null, "info": "", "images": [{"small": "https://rema-product-images.digital.rema1000.dk/101240/1-small-rQqQlKbxoe.webp", "medium": "https://rema-product-images.digital.rema1000.dk/101240/1-medium-rQqQlKbxoe.webp", "large": "https://rema-product-images.digital.rema1000.dk/101240/1-large-rQqQlKbxoe.webp"}], "prices": [{"price": 13.25, "price_over_max_quantity": null, "max_quantity": null, "is_advertised": false, "is_campaign": false, "starting_at": "2024-10-17T00:00:00+00:00", "ending_at": "2099-12-31T00:00:00+00:00", "deposit": null, "compare_unit": "kg", "compare_unit_price": 47.32, "consumption_unit": null, "consumption_quantity": null}], "temperature_zone": null, "is_self_scale_item": false, "is_weight_item": false, "is_available_in_all_stores": true, "is_batch_item": false}
{"id": 101297, "name": "SVESKER", "underline": "200 GR. / REMA 1000", "age_limit": null, "hazard_precaution_statements": [], "labels": [{"id": 2, "name": "REMA1000", "image": "https://static-assets.digital.rema1000.dk/product/labels/2-64.webp"}], "description": null, "info": "", "images": [{"small": "https://rema-product-images.digital.rema1000.dk/101297/1-small-aboK8K5Gqp.webp", "medium": "https://rema-product-images.digital.rema1000.dk/101297/1-medium-aboK8K5Gqp.webp", "large": "https://rema-product-images.digital.rema1000.dk/101297/1-large-aboK8K5Gqp.webp"}], "prices": [{"price": 13.95, "price_over_max_quantity": null, "max_quantity": null, "is_advertised": false, "is_campaign": false, "starting_at": "2025-06-01T00:00:00+00:00", "ending_at": "2099-12-31T00:00:00+00:00", "deposit": null, "compare_unit": "kg", "compare_unit_price": 69.75, "consumption_unit": null, "consumption_quantity": null}], "temperature_zone": null, "is_self_scale_item": false, "is_weight_item": false, "is_available_in_all_stores": true, "is_batch_item": false}
{"id": 101301, "name": "SOJADRIK/VANILJE", "underline": "1 LTR. / PLANTEKØKKENET", "age_limit": null, "hazard_precaution_statements": [], "labels": [{"id": 2, "name": "REMA1000", "image": "https://static-assets.digital.rema1000.dk/product/labels/2-64.webp"}], "description": null, "info": "", "images": [{"small": "https://rema-product-images.digital.rema1000.dk/101301/1-small-ElPB1wAn9k.webp", "medium": "https://rema-product-images.digital.rema1000.dk/101301/1-medium-ElPB1wAn9k.webp", "large": "https://rema-product-images.digital.rema1000.dk/101301/1-large-ElPB1wAn9k.webp"}], "prices": [{"price": 10.75, "price_over_max_quantity": null, "max_quantity": null, "is_advertised": false, "is_campaign": false, "starting_at": "2024-02-15T00:00:00+00:00", "ending_at": "2099-12-31T00:00:00+00:00", "deposit": null, "compare_unit": "ltr", "compare_unit_price": 10.75, "consumption_unit": null, "consumption_quantity": null}], "temperature_zone": null, "is_self_scale_item": false, "is_weight_item": false, "is_available_in_all_stores": true, "is_batch_item": false}
{"id": 101302, "name": "PASTASAUCE", "underline": "400 GR. / REMA 1000, BASILIKUM", "age_limit": null, "hazard_precaution_statements": [], "labels": [{"id": 2, "name": "REMA1000", "image": "https://static-assets.digital.rema1000.dk/product/labels/2-64.webp"}, {"id": 5, "name": "Økologi", "image": "https://static-assets.digital.rema1000.dk/product/labels/5-64.webp"}], "description": null, "info": "", "images": [{"small": "https://rema-product-images.digital.rema1000.dk/101302/1-small-kAonlzGG9x.webp", "medium": "https://rema-product-images.digital.rema1000.dk/101302/1-medium-kAonlzGG9x.webp", "large": "https://rema-product-images.digital.rema1000.dk/101302/1-large-kAonlzGG9x.webp"}], "prices": [{"price": 16.95, "price_over_max_quantity": null, "max_quantity": null, "is_advertised": false, "is_campaign": false, "starting_at": "2022-11-24T00:00:00+00:00", "ending_at": "2025-08-30T00:00:00+00:00", "deposit": null, "compare_unit": "kg", "compare_unit_price": 42.38, "consumption_unit": null, "consumption_quantity": null}], "temperature_zone": null, "is_self_scale_item": false, "is_weight_item": false, "is_available_in_all_stores": true, "is_batch_item": false}
{"id": 101356, "name": "ØKO TORTILLA, MEDIUM", "underline": "320 GR. / SANTA MARIA", "age_limit": null, "hazard_precaution_statements": [], "labels": [{"id": 5, "name": "Økologi", "image": "https://static-assets.digital.rema1000.dk/product/labels/5-64.webp"}], "description": null, "info": "", "images": [{"small": "https://rema-product-images.digital.rema1000.dk/101356/1-small-18oXzJQE9k.webp", "medium": "https://rema-product-images.digital.rema1000.dk/101356/1-medium-18oXzJQE9k.webp", "large": "https://rema-product-images.digital.rema1000.dk/101356/1-large-18oXzJQE9k.webp"}], "prices": [{"price": 15.95, "price_over_max_quantity": null, "max_quantity": null, "is_advertised": false, "is_campaign": false, "starting_at": "2025-06-25T00:00:00+00:00", "ending_at": "2099-12-31T00:00:00+00:00", "deposit": null, "compare_unit": "kg", "compare_unit_price": 49.84, "consumption_unit": null, "consumption_quantity": null}], "temperature_zone": null, "is_self_scale_item": false, "is_weight_item": false, "is_available_in_all_stores": true, "is_batch_item": false}
{"id": 101386, "name": "KAKAO SOJADRIK", "underline": "1 LTR. / PLANTEKØKKENET", "age_limit": null, "hazard_precaution_statements": [], "labels": [{"id": 2, "name": "REMA1000", "image": "https://static-assets.digital.rema1000.dk/product/labels/2-64.webp"}, {"id": 5, "name": "Økologi", "image": "https://static-assets.digital.rema1000.dk/product/labels/5-64.webp"}], "description": null, "info": "", "images": [{"small": "https://rema-product-images.digital.rema1000.dk/101386/1-small-A4Py0Nwy9L.webp", "medium": "https://rema-product-images.digital.rema1000.dk/101386/1-medium-A4Py0Nwy9L.webp", "large": "https://rema-product-images.digital.rema1000.dk/101386/1-large-A4Py0Nwy9L.webp"}], "prices": [{"price": 12.55, "price_over_max_quantity": null, "max_quantity": null, "is_advertised": false, "is_campaign": false, "starting_at": "2024-02-15T00:00:00+00:00", "ending_at": "2025-09-06T00:00:00+00:00", "deposit": null, "compare_unit": "ltr", "compare_unit_price": 12.55, "consumption_unit": null, "consumption_quantity": null}], "temperature_zone": null, "is_self_scale_item": false, "is_weight_item": false, "is_available_in_all_stores": true, "is_batch_item": false}
{"id": 101394, "name": "OAT BARISTA", "underline": "1 LTR. / NATURLI'", "age_limit": null, "hazard_precaution_statements": [], "labels": [], "description": "Denne 100 % plantebaserede havredrik er baristaens nye bedste ven. Med en cremethed i verdensklasse, er den helt perfekt til din yndlingskaffe.Skum og brug den til fremragende, plantebaseret barista art, eller nyd den lige som den er.<br /> OAT BARISTA er baseret på havre og har ingen tilsat sukker – sødmen kommer fra havren selv.<br />", "info": "", "images": [{"small": "https://rema-product-images.digital.rema1000.dk/101394/1-small-vVoryaKJP3.webp", "medium": "https://rema-product-images.digital.rema1000.dk/101394/1-medium-vVoryaKJP3.webp", "large": "https://rema-product-images.digital.rema1000.dk/101394/1-large-vVoryaKJP3.webp"}], "prices": [{"price": 17.95, "price_over_max_quantity": null, "max_quantity": null, "is_advertised": false, "is_campaign": false, "starting_at": "2024-02-15T00:00:00+00:00", "ending_at": "2099-12-31T00:00:00+00:00", "deposit": null, "compare_unit": "ltr", "compare_unit_price": 17.95, "consumption_unit": null, "consumption_quantity": null}], "temperature_zone": null, "is_self_scale_item": false, "is_weight_item": false, "is_available_in_all_stores": true, "is_batch_item": false}
{"id": 101417, "name": "GINGER/LEMON", "underline": "90 GR. / CASTUS, RAW BARS", "age_limit": null, "hazard_precaution_statements": [], "labels": [{"id": 9001, "name": "Avisvare", "image": "https://static-assets.digital.rema1000.dk/product/labels/9001-64.webp"}, {"id": 5, "name": "Økologi", "image": "https://static-assets.digital.rema1000.dk/product/labels/5-64.webp"}, {"id": 6, "name": "Økologi", "image": "https://static-assets.digital.rema1000.dk/product/labels/6-64.webp"}], "description": "Små daddel bites med smag af Lemon/Ingefær.<br />", "info": "", "images": [{"small": "https://rema-product-images.digital.rema1000.dk/101417/1-small-Z8qplzgJq3.webp", "medium": "https://rema-product-images.digital.rema1000.dk/101417/1-medium-Z8qplzgJq3.webp", "large": "https://rema-product-images.digital.rema1000.dk/101417/1-large-Z8qplzgJq3.webp"}], "prices": [{"price": 15, "price_over_max_quantity": null, "max_quantity": null, "is_advertised": true, "is_campaign": false, "starting_at": "2025-08-17T00:00:00+00:00", "ending_at": "2025-11-15T00:00:00+00:00", "deposit": null, "compare_unit": "kg", "compare_unit_price": 166.67, "consumption_unit": null, "consumption_quantity": null}], "temperature_zone": null, "is_self_scale_item": false, "is_weight_item": false, "is_available_in_all_stores": true, "is_batch_item": true}
{"id": 101418, "name": "COCOA VANILLA", "underline": "90 GR. / CASTUS, RAW BARS", "age_limit": null, "hazard_precaution_statements": [], "labels": [{"id": 9001, "name": "Avisvare", "image": "https://static-assets.digital.rema1000.dk/product/labels/9001-64.webp"}, {"id": 5, "name": "Økologi", "image": "https://static-assets.digital.rema1000.dk/product/labels/5-64.webp"}, {"id": 6, "name": "Økologi", "image": "https://static-assets.digital.rema1000.dk/product/labels/6-64.webp"}], "description": null, "info": "", "images": [{"small": "https://rema-product-images.digital.rema1000.dk/101418/1-small-2B943RVlqk.webp", "medium": "https://rema-product-images.digital.rema1000.dk/101418/1-medium-2B943RVlqk.webp", "large": "https://rema-product-images.digital.rema1000.dk/101418/1-large-2B943RVlqk.webp"}], "prices": [{"price": 15, "price_over_max_quantity": null, "max_quantity": null, "is_advertised": true, "is_campaign": false, "starting_at": "2025-08-17T00:00:00+00:00", "ending_at": "2025-11-15T00:00:00+00:00", "deposit": null, "compare_unit": "kg", "compare_unit_price": 166.67, "consumption_unit": null, "consumption_quantity": null}], "temperature_zone": null, "is_self_scale_item": false, "is_weight_item": false, "is_available_in_all_stores": true, "is_batch_item": true}
{"id": 101419, "name": "CARAMEL SALTED", "underline": "90 GR. / CASTUS, RAW BARS", "age_limit": null, "hazard_precaution_statements": [], "labels": [{"id": 9001, "name": "Avisvare", "image": "https://static-assets.digital.rema1000.dk/product/labels/9001-64.webp"}, {"id": 5, "name": "Økologi", "image": "https://static-assets.digital.rema1000.dk/product/labels/5-64.webp"}, {"id": 6, "name": "Økologi", "image": "https://static-assets.digital.rema1000.dk/product/labels/6-64.webp"}], "description": "Små daddel bites med smag af Saltkaramel.<br />", "info": "", "images": [{"small": "https://rema-product-images.digital.rema1000.dk/101419/1-small-rDq6DRbzPb.webp", "medium": "https://rema-product-images.digital.rema1000.dk/101419/1-medium-rDq6DRbzPb.webp", "large": "https://rema-product-images.digital.rema1000.dk/101419/1-large-rDq6DRbzPb.webp"}], "prices": [{"price": 15, "price_over_max_quantity": null, "max_quantity": null, "is_advertised": true, "is_campaign": false, "starting_at": "2025-08-17T00:00:00+00:00", "ending_at": "2025-11-15T00:00:00+00:00", "deposit": null, "compare_unit": "kg", "compare_unit_price": 166.67, "consumption_unit": null, "consumption_quantity": null}], "temperature_zone": null, "is_self_scale_item": false, "is_weight_item": false, "is_available_in_all_stores": true, "is_batch_item": true}
{"id": 101441, "name": "CRANBERRY VANILLA", "underline": "90 GR. / CASTUS, RAW BARS", "age_limit": null, "hazard_precaution_statements": [], "labels": [{"id": 9001, "name": "Avisvare", "image": "https://static-assets.digital.rema1000.dk/product/labels/9001-64.webp"}, {"id": 5, "name": "Økologi", "image": "https://static-assets.digital.rema1000.dk/product/labels/5-64.webp"}, {"id": 6, "name": "Økologi", "image": "https://static-assets.digital.rema1000.dk/product/labels/6-64.webp"}], "description": "Små daddel bites med smag af Tranebær og Vanilje<br />", "info": "", "images": [{"small": "https://rema-product-images.digital.rema1000.dk/101441/1-small-we9EOM7Qog.webp", "medium": "https://rema-product-images.digital.rema1000.dk/101441/1-medium-we9EOM7Qog.webp", "large": "https://rema-product-images.digital.rema1000.dk/101441/1-large-we9EOM7Qog.webp"}], "prices": [{"price": 15, "price_over_max_quantity": null, "max_quantity": null, "is_advertised": true, "is_campaign": false, "starting_at": "2025-08-17T00:00:00+00:00", "ending_at": "2025-11-15T00:00:00+00:00", "deposit": null, "compare_unit": "kg", "compare_unit_price": 166.67, "consumption_unit": null, "consumption_quantity": null}], "temperature_zone": null, "is_self_scale_item": false, "is_weight_item": false, "is_available_in_all_stores": true, "is_batch_item": true}
{"id": 101452, "name": "TOMATSUPPE", "underline": "400 GR. / REMA 1000", "age_limit": null, "hazard_precaution_statements": [], "labels": [{"id": 2, "name": "REMA1000", "image": "https://static-assets.digital.rema1000.dk/product/labels/2-64.webp"}], "description": "VORES TOMATSUPPE ER CREMET, FYLDIG OG HURTIG AT OPVARME INDEN BRUG.<br />", "info": "", "images": [{"small": "https://rema-product-images.digital.rema1000.dk/101452/1-small-NpP7kDxNPO.webp", "medium": "https://rema-product-images.digital.rema1000.dk/101452/1-medium-NpP7kDxNPO.webp", "large": "https://rema-product-images.digital.rema1000.dk/101452/1-large-NpP7kDxNPO.webp"}], "prices": [{"price": 13.95, "price_over_max_quantity": null, "max_quantity": null, "is_advertised": false, "is_campaign": false, "starting_at": "2025-05-01T00:00:00+00:00", "ending_at": "2025-09-13T00:00:00+00:00", "deposit": null, "compare_unit": "kg", "compare_unit_price": 34.88, "consumption_unit": null, "consumption_quantity": null}], "temperature_zone": null, "is_self_scale_item": false, "is_weight_item": false, "is_available_in_all_stores": true, "is_batch_item": false}
{"id": 101454, "name": "FLYDENDE HONNING", "underline": "250 GR. / HONNINGBIEN", "age_limit": null, "hazard_precaution_statements": [], "labels": [], "description": "Honning fra 4 Sjællandske biavlere på vestsjælland - udelukkende dansk honning.<br /> Honning bør ikke gives til børn under 1 år.<br />", "info": "", "images": [{"small": "https://rema-product-images.digital.rema1000.dk/101454/1-small-Al90Wrxwq8.webp", "medium": "https://rema-product-images.digital.rema1000.dk/101454/1-medium-Al90Wrxwq8.webp", "large": "https://rema-product-images.digital.rema1000.dk/101454/1-large-Al90Wrxwq8.webp"}], "prices": [{"price": 26.95, "price_over_max_quantity": null, "max_quantity": null, "is_advertised": false, "is_campaign": false, "starting_at": "2023-07-28T00:00:00+00:00", "ending_at": "2025-09-13T00:00:00+00:00", "deposit": null, "compare_unit": "kg", "compare_unit_price": 107.8, "consumption_unit": null, "consumption_quantity": null}], "temperature_zone": null, "is_self_scale_item": false, "is_weight_item": false, "is_available_in_all_stores": true, "is_batch_item": false}
{"id": 10146, "name": "ISKAFFE", "underline": "1 LTR. / REMA 1000", "age_limit": null, "hazard_precaution_statements": [], "labels": [{"id": 9001, "name": "Avisvare", "image": "https://static-assets.digital.rema1000.dk/product/labels/9001-64.webp"}, {"id": 2, "name": "REMA1000", "image": "https://static-assets.digital.rema1000.dk/product/labels/2-64.webp"}], "description": "<b>Discount med holdning</b><br />I REMA 1000 har vi fokus på kvalitet til lave priser og overskriften på vores arbejde er Discount med holdning.<br /> <br />Vi har en klar holdning til alle de varer, vi sælger. Vi stiller ikke kun krav til kvaliteten af vores egne mærkevarer – det er også vigtigt for os, at emballagerne er designet til genanvendelse, at indholdet er uden problematiske stoffer, og at varerne er produceret ansvarligt samt mærket med tydelige og valide certificeringer.<br /> <br /><b>Om denne vare</b><br />REMA 1000 iskaffe med mælk er forfriskende og sød. Iskaffen nydes bedst iskold og er perfekt som god og kølig kaffedrik eller som dessert.", "info": "", "images": [{"small": "https://rema-product-images.digital.rema1000.dk/10146/1-small-kAonNy0ox8.webp", "medium": "https://rema-product-images.digital.rema1000.dk/10146/1-medium-kAonNy0ox8.webp", "large": "https://rema-product-images.digital.rema1000.dk/10146/1-large-kAonNy0ox8.webp"}], "prices": [{"price": 8, "price_over_max_quantity": 12.95, "max_quantity": 6, "is_advertised": true, "is_campaign": true, "starting_at": "2025-08-17T00:00:00+00:00", "ending_at": "2025-08-23T00:00:00+00:00", "deposit": null, "compare_unit": "ltr", "compare_unit_price": 8, "consumption_unit": null, "consumption_quantity": null}, {"price": 12.95, "price_over_max_quantity": null, "max_quantity": null, "is_advertised": false, "is_campaign": false, "starting_at": "2025-08-24T00:00:00+00:00", "ending_at": "2099-12-31T00:00:00+00:00", "deposit": null, "compare_unit": "ltr", "compare_unit_price": 12.95, "consumption_unit": null, "consumption_quantity": null}], "temperature_zone": null, "is_self_scale_item": false, "is_weight_item": false, "is_available_in_all_stores": true, "is_batch_item": false}
{"id": 101535, "name": "KONDENSERET MÆLK", "underline": "397 GR. / REMA 1000", "age_limit": null, "hazard_precaution_statements": [], "labels": [{"id": 2, "name": "REMA1000", "image": "https://static-assets.digital.rema1000.dk/product/labels/2-64.webp"}], "description": "Kondenseret mælk kan bl.a. bruges til at lave kage, is, kokosmakroner eller cremet karamel som dulce de leche.<br />", "info": "", "images": [{"small": "https://rema-product-images.digital.rema1000.dk/101535/1-small-Gb9kMzDdo7.webp", "medium": "https://rema-product-images.digital.rema1000.dk/101535/1-medium-Gb9kMzDdo7.webp", "large": "https://rema-product-images.digital.rema1000.dk/101535/1-large-Gb9kMzDdo7.webp"}], "prices": [{"price": 16.95, "price_over_max_quantity": null, "max_quantity": null, "is_advertised": false, "is_campaign": false, "starting_at": "2023-06-07T00:00:00+00:00", "ending_at": "2025-09-06T00:00:00+00:00", "deposit": null, "compare_unit": "kg", "compare_unit_price": 42.7, "consumption_unit": null, "consumption_quantity": null}], "temperature_zone": null, "is_self_scale_item": false, "is_weight_item": false, "is_available_in_all_stores": true, "is_batch_item": false}
{"id": 101538, "name": "BOUILLON PULVER", "underline": "140 GR. / REMA 1000, ØKOLOGISK", "age_limit": null, "hazard_precaution_statements": [], "labels": [{"id": 2, "name": "REMA1000", "image": "https://static-assets.digital.rema1000.dk/product/labels/2-64.webp"}, {"id": 5, "name": "Økologi", "image": "https://static-assets.digital.rema1000.dk/product/labels/5-64.webp"}, {"id": 6, "name": "Økologi", "image": "https://static-assets.digital.rema1000.dk/product/labels/6-64.webp"}], "description": "Tilsætning ved tilberedning: ½ liter kogende vand pr. 10 g (1 tsk.) bouillonpulver.<br />", "info": "", "images": [{"small": "https://rema-product-images.digital.rema1000.dk/101538/1-small-MBoNnVQRov.webp", "medium": "https://rema-product-images.digital.rema1000.dk/101538/1-medium-MBoNnVQRov.webp", "large": "https://rema-product-images.digital.rema1000.dk/101538/1-large-MBoNnVQRov.webp"}], "prices": [{"price": 17.95, "price_over_max_quantity": null, "max_quantity": null, "is_advertised": false, "is_campaign": false, "starting_at": "2024-01-25T00:00:00+00:00", "ending_at": "2099-12-31T00:00:00+00:00", "deposit": null, "compare_unit": "kg", "compare_unit_price": 128.21, "consumption_unit": null, "consumption_quantity": null}], "temperature_zone": null, "is_self_scale_item": false, "is_weight_item": false, "is_available_in_all_stores": true, "is_batch_item": false}
{"id": 101574, "name": "TERIYAKI SAUCE", "underline": "40 GR. / NEMT & GRØNT", "age_limit": null, "hazard_precaution_statements": [], "labels": [], "description": null, "info": "", "images": [{"small": "https://rema-product-images.digital.rema1000.dk/101574/1-small-869D7nDrqM.webp", "medium": "https://rema-product-images.digital.rema1000.dk/101574/1-medium-869D7nDrqM.webp", "large": "https://rema-product-images.digital.rema1000.dk/101574/1-large-869D7nDrqM.webp"}], "prices": [{"price": 5, "price_over_max_quantity": null, "max_quantity": null, "is_advertised": false, "is_campaign": false, "starting_at": "2024-06-09T00:00:00+00:00", "ending_at": "2099-12-31T00:00:00+00:00", "deposit": null, "compare_unit": "kg", "compare_unit_price": 125, "consumption_unit": null, "consumption_quantity": null}], "temperature_zone": null, "is_self_scale_item": false, "is_weight_item": false, "is_available_in_all_stores": true, "is_batch_item": false}
{"id": 101575, "name": "BBQ SAUCE", "underline": "70 GR. / NEMT & GRØNT", "age_limit": null, "hazard_precaution_statements": [], "labels": [], "description": null, "info": "", "images": [{"small": "https://rema-product-images.digital.rema1000.dk/101575/1-small-01q23Rg497.webp", "medium": "https://rema-product-images.digital.rema1000.dk/101575/1-medium-01q23Rg497.webp", "large": "https://rema-product-images.digital.rema1000.dk/101575/1-large-01q23Rg497.webp"}], "prices": [{"price": 5, "price_over_max_quantity": null, "max_quantity": null, "is_advertised": false, "is_campaign": false, "starting_at": "2024-06-10T00:00:00+00:00", "ending_at": "2099-12-31T00:00:00+00:00", "deposit": null, "compare_unit": "kg", "compare_unit_price": 71.43, "consumption_unit": null, "consumption_quantity": null}], "temperature_zone": null, "is_self_scale_item": false, "is_weight_item": false, "is_available_in_all_stores": true, "is_batch_item": false}
{"id": 101621, "name": "ASPARGESSUPPE", "underline": "400 GR. / REMA 1000", "age_limit": null, "hazard_precaution_statements": [], "labels": [{"id": 2, "name": "REMA1000", "image": "https://static-assets.digital.rema1000.dk/product/labels/2-64.webp"}], "description": null, "info": "", "images": [{"small": "https://rema-product-images.digital.rema1000.dk/101621/1-small-bJ9YayxW9L.webp", "medium": "https://rema-product-images.digital.rema1000.dk/101621/1-medium-bJ9YayxW9L.webp", "large": "https://rema-product-images.digital.rema1000.dk/101621/1-large-bJ9YayxW9L.webp"}], "prices": [{"price": 13.95, "price_over_max_quantity": null, "max_quantity": null, "is_advertised": false, "is_campaign": false, "starting_at": "2025-05-01T00:00:00+00:00", "ending_at": "2025-09-13T00:00:00+00:00", "deposit": null, "compare_unit": "kg", "compare_unit_price": 34.88, "consumption_unit": null, "consumption_quantity": null}], "temperature_zone": null, "is_self_scale_item": false, "is_weight_item": false, "is_available_in_all_stores": true, "is_batch_item": false}
{"id": 101623, "name": "KARRYSUPPE", "underline": "400 GR. / REMA 1000", "age_limit": null, "hazard_precaution_statements": [], "labels": [{"id": 2, "name": "REMA1000", "image": "https://static-assets.digital.rema1000.dk/product/labels/2-64.webp"}], "description": null, "info": "", "images": [{"small": "https://rema-product-images.digital.rema1000.dk/101623/1-small-MNqZnbxgqA.webp", "medium": "https://rema-product-images.digital.rema1000.dk/101623/1-medium-MNqZnbxgqA.webp", "large": "https://rema-product-images.digital.rema1000.dk/101623/1-large-MNqZnbxgqA.webp"}], "prices": [{"price": 13.95, "price_over_max_quantity": null, "max_quantity": null, "is_advertised": false, "is_campaign": false, "starting_at": "2025-05-01T00:00:00+00:00", "ending_at": "2025-09-13T00:00:00+00:00", "deposit": null, "compare_unit": "kg", "compare_unit_price": 34.88, "consumption_unit": null, "consumption_quantity": null}], "temperature_zone": null, "is_self_scale_item": false, "is_weight_item": false, "is_available_in_all_stores": true, "is_batch_item": false}
{"id": 101631, "name": "AGURKESALAT", "underline": "405 GR. / SAMSØ SYLTEFABRIK", "age_limit": null, "hazard_precaution_statements": [], "labels": [], "description": null, "info": "", "images": [{"small": "https://rema-product-images.digital.rema1000.dk/101631/1-small-01q23R6O97.webp", "medium": "https://rema-product-images.digital.rema1000.dk/101631/1-medium-01q23R6O97.webp", "large": "https://rema-product-images.digital.rema1000.dk/101631/1-large-01q23R6O97.webp"}], "prices": [{"price": 14.95, "price_over_max_quantity": null, "max_quantity": null, "is_advertised": false, "is_campaign": false, "starting_at": "2024-06-20T00:00:00+00:00", "ending_at": "2099-12-31T00:00:00+00:00", "deposit": null, "compare_unit": "kg", "compare_unit_price": 36.91, "consumption_unit": null, "consumption_quantity": null}], "temperature_zone": null, "is_self_scale_item": false, "is_weight_item": false, "is_available_in_all_stores": true, "is_batch_item": false}
{"id": 101632, "name": "DRUEAGURKER", "underline": "380 GR. / SAMSØ SYLTEFABRIK", "age_limit": null, "hazard_precaution_statements": [], "labels": [], "description": null, "info": "", "images": [{"small": "https://rema-product-images.digital.rema1000.dk/101632/1-small-nDPWJG2g9W.webp", "medium": "https://rema-product-images.digital.rema1000.dk/101632/1-medium-nDPWJG2g9W.webp", "large": "https://rema-product-images.digital.rema1000.dk/101632/1-large-nDPWJG2g9W.webp"}], "prices": [{"price": 12.5, "price_over_max_quantity": null, "max_quantity": null, "is_advertised": false, "is_campaign": false, "starting_at": "2024-06-20T00:00:00+00:00", "ending_at": "2099-12-31T00:00:00+00:00", "deposit": null, "compare_unit": "kg", "compare_unit_price": 32.89, "consumption_unit": null, "consumption_quantity": null}], "temperature_zone": null, "is_self_scale_item": false, "is_weight_item": false, "is_available_in_all_stores": true, "is_batch_item": false}
{"id": 101633, "name": "ASIER", "underline": "420 GR. / SAMSØ SYLTEFABRIK", "age_limit": null, "hazard_precaution_statements": [], "labels": [], "description": null, "info": "", "images": [{"small": "https://rema-product-images.digital.rema1000.dk/101633/1-small-YLPjLNXRqk.webp", "medium": "https://rema-product-images.digital.rema1000.dk/101633/1-medium-YLPjLNXRqk.webp", "large": "https://rema-product-images.digital.rema1000.dk/101633/1-large-YLPjLNXRqk.webp"}], "prices": [{"price": 15.25, "price_over_max_quantity": null, "max_quantity": null, "is_advertised": false, "is_campaign": false, "starting_at": "2024-06-20T00:00:00+00:00", "ending_at": "2099-12-31T00:00:00+00:00", "deposit": null, "compare_unit": "kg", "compare_unit_price": 36.31, "consumption_unit": null, "consumption_quantity": null}], "temperature_zone": null, "is_self_scale_item": false, "is_weight_item": false, "is_available_in_all_stores": true, "is_batch_item": false}
{"id": 101695, "name": "AKACIE HONNING", "underline": "250 GR. / REMA 1000", "age_limit": null, "hazard_precaution_statements": [], "labels": [{"id": 2, "name": "REMA1000", "image": "https://static-assets.digital.rema1000.dk/product/labels/2-64.webp"}], "description": null, "info": "", "images": [{"small": "https://rema-product-images.digital.rema1000.dk/101695/1-small-v09gy8nxoA.webp", "medium": "https://rema-product-images.digital.rema1000.dk/101695/1-medium-v09gy8nxoA.webp", "large": "https://rema-product-images.digital.rema1000.dk/101695/1-large-v09gy8nxoA.webp"}], "prices": [{"price": 34.95, "price_over_max_quantity": null, "max_quantity": null, "is_advertised": false, "is_campaign": false, "starting_at": "2024-10-07T00:00:00+00:00", "ending_at": "2025-08-30T00:00:00+00:00", "deposit": null, "compare_unit": "kg", "compare_unit_price": 139.8, "consumption_unit": null, "consumption_quantity": null}], "temperature_zone": null, "is_self_scale_item": false, "is_weight_item": false, "is_available_in_all_stores": true, "is_batch_item": false}
{"id": 101700, "name": "RØDKÅL", "underline": "690 GR. / SYLTET PÅ SAMSØ", "age_limit": null, "hazard_precaution_statements": [], "labels": [], "description": null, "info": "", "images": [{"small": "https://rema-product-images.digital.rema1000.dk/101700/1-small-xePwyJ4vqw.webp", "medium": "https://rema-product-images.digital.rema1000.dk/101700/1-medium-xePwyJ4vqw.webp", "large": "https://rema-product-images.digital.rema1000.dk/101700/1-large-xePwyJ4vqw.webp"}], "prices": [{"price": 11.95, "price_over_max_quantity": null, "max_quantity": null, "is_advertised": false, "is_campaign": false, "starting_at": "2024-10-10T00:00:00+00:00", "ending_at": "2099-12-31T00:00:00+00:00", "deposit": null, "compare_unit": "kg", "compare_unit_price": 17.32, "consumption_unit": null, "consumption_quantity": null}], "temperature_zone": null, "is_self_scale_item": false, "is_weight_item": false, "is_available_in_all_stores": true, "is_batch_item": false}
{"id": 101804, "name": "FRUGTSNACKS", "underline": "10 GR. / REMA 1000 ÆBLE/BANAN", "age_limit": null, "hazard_precaution_statements": [], "labels": [{"id": 2, "name": "REMA1000", "image": "https://static-assets.digital.rema1000.dk/product/labels/2-64.webp"}, {"id": 5, "name": "Økologi", "image": "https://static-assets.digital.rema1000.dk/product/labels/5-64.webp"}, {"id": 6, "name": "Økologi", "image": "https://static-assets.digital.rema1000.dk/product/labels/6-64.webp"}], "description": null, "info": "", "images": [{"small": "https://rema-product-images.digital.rema1000.dk/101804/1-small-OJq52RwN9p.webp", "medium": "https://rema-product-images.digital.rema1000.dk/101804/1-medium-OJq52RwN9p.webp", "large": "https://rema-product-images.digital.rema1000.dk/101804/1-large-OJq52RwN9p.webp"}], "prices": [{"price": 3, "price_over_max_quantity": null, "max_quantity": null, "is_advertised": false, "is_campaign": false, "starting_at": "2025-01-08T00:00:00+00:00", "ending_at": "2099-12-31T00:00:00+00:00", "deposit": null, "compare_unit": "kg", "compare_unit_price": 300, "consumption_unit": null, "consumption_quantity": null}], "temperature_zone": null, "is_self_scale_item": false, "is_weight_item": false, "is_available_in_all_stores": true, "is_batch_item": false}
{"id": 101817, "name": "AGURKE RELISH", "underline": "230 GR. / REMA 1000", "age_limit": null, "hazard_precaution_statements": [], "labels": [{"id": 2, "name": "REMA1000", "image": "https://static-assets.digital.rema1000.dk/product/labels/2-64.webp"}], "description": null, "info": "", "images": [{"small": "https://rema-product-images.digital.rema1000.dk/101817/1-small-Z8qplzXlq3.webp", "medium": "https://rema-product-images.digital.rema1000.dk/101817/1-medium-Z8qplzXlq3.webp", "large": "https://rema-product-images.digital.rema1000.dk/101817/1-large-Z8qplzXlq3.webp"}], "prices": [{"price": 13.95, "price_over_max_quantity": null, "max_quantity": null, "is_advertised": false, "is_campaign": false, "starting_at": "2025-02-17T00:00:00+00:00", "ending_at": "2099-12-31T00:00:00+00:00", "deposit": null, "compare_unit": "kg", "compare_unit_price": 60.65, "consumption_unit": null, "consumption_quantity": null}], "temperature_zone": null, "is_self_scale_item": false, "is_weight_item": false, "is_available_in_all_stores": true, "is_batch_item": false}
{"id": 101820, "name": "LASAGNETTE M/ÆRTEPROTEIN", "underline": "335 GR. / REMA 1000", "age_limit": null, "hazard_precaution_statements": [], "labels": [{"id": 2, "name": "REMA1000", "image": "https://static-assets.digital.rema1000.dk/product/labels/2-64.webp"}], "description": "VORES LASAGNETTEBLANDING MED ÆRTEPROTEIN ER ET PLANTEBASERET TWIST PÅ EN KLASSIKER. PERFEKT NÅR MADEN SKAL VÆRE KLAR I EN FART. INDEHOLDER LASAGNETTE PASTA, SMAGFULDT SAUCEPULVER OG ÆRTEPROTEIN.<br />", "info": "", "images": [{"small": "https://rema-product-images.digital.rema1000.dk/101820/1-small-AKqebMBQ9p.webp", "medium": "https://rema-product-images.digital.rema1000.dk/101820/1-medium-AKqebMBQ9p.webp", "large": "https://rema-product-images.digital.rema1000.dk/101820/1-large-AKqebMBQ9p.webp"}], "prices": [{"price": 28.95, "price_over_max_quantity": null, "max_quantity": null, "is_advertised": false, "is_campaign": false, "starting_at": "2025-02-19T00:00:00+00:00", "ending_at": "2099-12-31T00:00:00+00:00", "deposit": null, "compare_unit": "kg", "compare_unit_price": 86.42, "consumption_unit": null, "consumption_quantity": null}], "temperature_zone": null, "is_self_scale_item": false, "is_weight_item": false, "is_available_in_all_stores": true, "is_batch_item": false}
{"id": 101824, "name": "ABRIKOS/STIKKELSBÆR", "underline": "400 GR. / REMA 1000 MARMELADE", "age_limit": null, "hazard_precaution_statements": [], "labels": [{"id": 2, "name": "REMA1000", "image": "https://static-assets.digital.rema1000.dk/product/labels/2-64.webp"}], "description": null, "info": "", "images": [{"small": "https://rema-product-images.digital.rema1000.dk/101824/1-small-vXodjnwn93.webp", "medium": "https://rema-product-images.digital.rema1000.dk/101824/1-medium-vXodjnwn93.webp", "large": "https://rema-product-images.digital.rema1000.dk/101824/1-large-vXodjnwn93.webp"}], "prices": [{"price": 13.5, "price_over_max_quantity": null, "max_quantity": null, "is_advertised": false, "is_campaign": false, "starting_at": "2025-04-23T00:00:00+00:00", "ending_at": "2099-12-31T00:00:00+00:00", "deposit": null, "compare_unit": "kg", "compare_unit_price": 33.75, "consumption_unit": null, "consumption_quantity": null}], "temperature_zone": null, "is_self_scale_item": false, "is_weight_item": false, "is_available_in_all_stores": true, "is_batch_item": false}
{"id": 101864, "name": "ABRIKOSER", "underline": "80 GR. / NATURENS LÆKKERIER", "age_limit": null, "hazard_precaution_statements": [], "labels": [{"id": 5, "name": "Økologi", "image": "https://static-assets.digital.rema1000.dk/product/labels/5-64.webp"}, {"id": 6, "name": "Økologi", "image": "https://static-assets.digital.rema1000.dk/product/labels/6-64.webp"}], "description": null, "info": "", "images": [{"small": "https://rema-product-images.digital.rema1000.dk/101864/1-small-AKqebM4Q9p.webp", "medium": "https://rema-product-images.digital.rema1000.dk/101864/1-medium-AKqebM4Q9p.webp", "large": "https://rema-product-images.digital.rema1000.dk/101864/1-large-AKqebM4Q9p.webp"}], "prices": [{"price": 12, "price_over_max_quantity": null, "max_quantity": null, "is_advertised": false, "is_campaign": false, "starting_at": "2025-06-04T00:00:00+00:00", "ending_at": "2099-12-31T00:00:00+00:00", "deposit": null, "compare_unit": "kg", "compare_unit_price": 150, "consumption_unit": null, "consumption_quantity": null}], "temperature_zone": null, "is_self_scale_item": false, "is_weight_item": false, "is_available_in_all_stores": true, "is_batch_item": false}
{"id": 101865, "name": "VALNØDDER", "underline": "70 GR. / NATURENS LÆKKERIER", "age_limit": null, "hazard_precaution_statements": [], "labels": [{"id": 5, "name": "Økologi", "image": "https://static-assets.digital.rema1000.dk/product/labels/5-64.webp"}, {"id": 6, "name": "Økologi", "image": "https://static-assets.digital.rema1000.dk/product/labels/6-64.webp"}], "description": null, "info": "", "images": [{"small": "https://rema-product-images.digital.rema1000.dk/101865/1-small-bJ9Yaymp9L.webp", "medium": "https://rema-product-images.digital.rema1000.dk/101865/1-medium-bJ9Yaymp9L.webp", "large": "https://rema-product-images.digital.rema1000.dk/101865/1-large-bJ9Yaymp9L.webp"}], "prices": [{"price": 12, "price_over_max_quantity": null, "max_quantity": null, "is_advertised": false, "is_campaign": false, "starting_at": "2025-06-04T00:00:00+00:00", "ending_at": "2099-12-31T00:00:00+00:00", "deposit": null, "compare_unit": "kg", "compare_unit_price": 171.43, "consumption_unit": null, "consumption_quantity": null}], "temperature_zone": null, "is_self_scale_item": false, "is_weight_item": false, "is_available_in_all_stores": true, "is_batch_item": false}
{"id": 101867, "name": "BANAN CHIPS", "underline": "90 GR. / NATURENS LÆKKERIER", "age_limit": null, "hazard_precaution_statements": [], "labels": [{"id": 5, "name": "Økologi", "image": "https://static-assets.digital.rema1000.dk/product/labels/5-64.webp"}, {"id": 6, "name": "Økologi", "image": "https://static-assets.digital.rema1000.dk/product/labels/6-64.webp"}], "description": null, "info": "", "images": [{"small": "https://rema-product-images.digital.rema1000.dk/101867/1-small-MNqZnbglqA.webp", "medium": "https://rema-product-images.digital.rema1000.dk/101867/1-medium-MNqZnbglqA.webp", "large": "https://rema-product-images.digital.rema1000.dk/101867/1-large-MNqZnbglqA.webp"}], "prices": [{"price": 12, "price_over_max_quantity": null, "max_quantity": null, "is_advertised": false, "is_campaign": false, "starting_at": "2025-06-04T00:00:00+00:00", "ending_at": "2099-12-31T00:00:00+00:00", "deposit": null, "compare_unit": "kg", "compare_unit_price": 133.33, "consumption_unit": null, "consumption_quantity": null}], "temperature_zone": null, "is_self_scale_item": false, "is_weight_item": false, "is_available_in_all_stores": true, "is_batch_item": false}
{"id": 101869, "name": "PISTACIEKERNER", "underline": "25 GR. / NATURENS LÆKKERIER", "age_limit": null, "hazard_precaution_statements": [], "labels": [], "description": null, "info": "", "images": [{"small": "https://rema-product-images.digital.rema1000.dk/101869/1-small-Ea91ZgejPz.webp", "medium": "https://rema-product-images.digital.rema1000.dk/101869/1-medium-Ea91ZgejPz.webp", "large": "https://rema-product-images.digital.rema1000.dk/101869/1-large-Ea91ZgejPz.webp"}], "prices": [{"price": 12, "price_over_max_quantity": null, "max_quantity": null, "is_advertised": false, "is_campaign": false, "starting_at": "2025-06-04T00:00:00+00:00", "ending_at": "2099-12-31T00:00:00+00:00", "deposit": null, "compare_unit": "kg", "compare_unit_price": 480, "consumption_unit": null, "consumption_quantity": null}], "temperature_zone": null, "is_self_scale_item": false, "is_weight_item": false, "is_available_in_all_stores": true, "is_batch_item": false}
{"id": 101872, "name": "MANDLER", "underline": "90 GR. / NATURENS LÆKKERIER", "age_limit": null, "hazard_precaution_statements": [], "labels": [], "description": null, "info": "", "images": [{"small": "https://rema-product-images.digital.rema1000.dk/101872/1-small-xyqajxvA9D.webp", "medium": "https://rema-product-images.digital.rema1000.dk/101872/1-medium-xyqajxvA9D.webp", "large": "https://rema-product-images.digital.rema1000.dk/101872/1-large-xyqajxvA9D.webp"}], "prices": [{"price": 12, "price_over_max_quantity": null, "max_quantity": null, "is_advertised": false, "is_campaign": false, "starting_at": "2025-06-04T00:00:00+00:00", "ending_at": "2099-12-31T00:00:00+00:00", "deposit": null, "compare_unit": "kg", "compare_unit_price": 133.33, "consumption_unit": null, "consumption_quantity": null}], "temperature_zone": null, "is_self_scale_item": false, "is_weight_item": false, "is_available_in_all_stores": true, "is_batch_item": false}
{"id": 101873, "name": "GRÆSKARKERNER", "underline": "90 GR. / NATURENS LÆKKERIER", "age_limit": null, "hazard_precaution_statements": [], "labels": [], "description": null, "info": "", "images": [{"small": "https://rema-product-images.digital.rema1000.dk/101873/1-small-pYqxnQWGP1.webp", "medium": "https://rema-product-images.digital.rema1000.dk/101873/1-medium-pYqxnQWGP1.webp", "large": "https://rema-product-images.digital.rema1000.dk/101873/1-large-pYqxnQWGP1.webp"}], "prices": [{"price": 12, "price_over_max_quantity": null, "max_quantity": null, "is_advertised": false, "is_campaign": false, "starting_at": "2025-06-04T00:00:00+00:00", "ending_at": "2099-12-31T00:00:00+00:00", "deposit": null, "compare_unit": "kg", "compare_unit_price": 133.33, "consumption_unit": null, "consumption_quantity": null}], "temperature_zone": null, "is_self_scale_item": false, "is_weight_item": false, "is_available_in_all_stores": true, "is_batch_item": false}
{"id": 102500, "name": "LASAGNEBLANDING", "underline": "270 GR. / REMA 1000", "age_limit": null, "hazard_precaution_statements": [], "labels": [{"id": 2, "name": "REMA1000", "image": "https://static-assets.digital.rema1000.dk/product/labels/2-64.webp"}], "description": null, "info": "", "images": [{"small": "https://rema-product-images.digital.rema1000.dk/102500/1-small-xePwyJMeqw.webp", "medium": "https://rema-product-images.digital.rema1000.dk/102500/1-medium-xePwyJMeqw.webp", "large": "https://rema-product-images.digital.rema1000.dk/102500/1-large-xePwyJMeqw.webp"}], "prices": [{"price": 13.95, "price_over_max_quantity": null, "max_quantity": null, "is_advertised": false, "is_campaign": false, "starting_at": "2024-08-29T00:00:00+00:00", "ending_at": "2099-12-31T00:00:00+00:00", "deposit": null, "compare_unit": "kg", "compare_unit_price": 51.67, "consumption_unit": null, "consumption_quantity": null}], "temperature_zone": null, "is_self_scale_item": false, "is_weight_item": false, "is_available_in_all_stores": true, "is_batch_item": false}
{"id": 102501, "name": "LASAGNETTEBLANDING", "underline": "280 GR. / REMA 1000", "age_limit": null, "hazard_precaution_statements": [], "labels": [{"id": 2, "name": "REMA1000", "image": "https://static-assets.digital.rema1000.dk/product/labels/2-64.webp"}], "description": null, "info": "", "images": [{"small": "https://rema-product-images.digital.rema1000.dk/102501/1-small-ElPB1wWb9k.webp", "medium": "https://rema-product-images.digital.rema1000.dk/102501/1-medium-ElPB1wWb9k.webp", "large": "https://rema-product-images.digital.rema1000.dk/102501/1-large-ElPB1wWb9k.webp"}], "prices": [{"price": 13.95, "price_over_max_quantity": null, "max_quantity": null, "is_advertised": false, "is_campaign": false, "starting_at": "2024-08-29T00:00:00+00:00", "ending_at": "2099-12-31T00:00:00+00:00", "deposit": null, "compare_unit": "kg", "compare_unit_price": 49.82, "consumption_unit": null, "consumption_quantity": null}], "temperature_zone": null, "is_self_scale_item": false, "is_weight_item": false, "is_available_in_all_stores": true, "is_batch_item": false}
{"id": 102515, "name": "ITALIAN LASAGNE", "underline": "262 GR. / KNORR DINNER KIT", "age_limit": null, "hazard_precaution_statements": [], "labels": [], "description": null, "info": "", "images": [{"small": "https://rema-product-images.digital.rema1000.dk/102515/1-small-KpqRrGgbqL.webp", "medium": "https://rema-product-images.digital.rema1000.dk/102515/1-medium-KpqRrGgbqL.webp", "large": "https://rema-product-images.digital.rema1000.dk/102515/1-large-KpqRrGgbqL.webp"}], "prices": [{"price": 32.95, "price_over_max_quantity": null, "max_quantity": null, "is_advertised": false, "is_campaign": false, "starting_at": "2025-07-31T00:00:00+00:00", "ending_at": "2025-09-13T00:00:00+00:00", "deposit": null, "compare_unit": "kg", "compare_unit_price": 125.76, "consumption_unit": null, "consumption_quantity": null}], "temperature_zone": null, "is_self_scale_item": false, "is_weight_item": false, "is_available_in_all_stores": true, "is_batch_item": false}
{"id": 102520, "name": "ITALIAN LASAGNETTE", "underline": "273 GR. / KNORR DINNER KIT", "age_limit": null, "hazard_precaution_statements": [], "labels": [], "description": null, "info": "", "images": [{"small": "https://rema-product-images.digital.rema1000.dk/102520/1-small-AKqebM5j9p.webp", "medium": "https://rema-product-images.digital.rema1000.dk/102520/1-medium-AKqebM5j9p.webp", "large": "https://rema-product-images.digital.rema1000.dk/102520/1-large-AKqebM5j9p.webp"}], "prices": [{"price": 32.95, "price_over_max_quantity": null, "max_quantity": null, "is_advertised": false, "is_campaign": false, "starting_at": "2025-07-31T00:00:00+00:00", "ending_at": "2025-09-13T00:00:00+00:00", "deposit": null, "compare_unit": "kg", "compare_unit_price": 120.7, "consumption_unit": null, "consumption_quantity": null}], "temperature_zone": null, "is_self_scale_item": false, "is_weight_item": false, "is_available_in_all_stores": true, "is_batch_item": false}
{"id": 102782, "name": "GUACAMOLE SPICE MIX", "underline": "40 GR. / TEX MEX", "age_limit": null, "hazard_precaution_statements": [], "labels": [{"id": 2, "name": "REMA1000", "image": "https://static-assets.digital.rema1000.dk/product/labels/2-64.webp"}], "description": null, "info": "", "images": [{"small": "https://rema-product-images.digital.rema1000.dk/102782/1-small-MBoNn67Zov.webp", "medium": "https://rema-product-images.digital.rema1000.dk/102782/1-medium-MBoNn67Zov.webp", "large": "https://rema-product-images.digital.rema1000.dk/102782/1-large-MBoNn67Zov.webp"}], "prices": [{"price": 5.25, "price_over_max_quantity": null, "max_quantity": null, "is_advertised": false, "is_campaign": false, "starting_at": "2024-01-04T00:00:00+00:00", "ending_at": "2025-09-06T00:00:00+00:00", "deposit": null, "compare_unit": "kg", "compare_unit_price": 131.25, "consumption_unit": null, "consumption_quantity": null}], "temperature_zone": null, "is_self_scale_item": false, "is_weight_item": false, "is_available_in_all_stores": true, "is_batch_item": false}
{"id": 102791, "name": "TORTILLA CHIPS OST", "underline": "200 GR. / TEX MEX", "age_limit": null, "hazard_precaution_statements": [], "labels": [{"id": 2, "name": "REMA1000", "image": "https://static-assets.digital.rema1000.dk/product/labels/2-64.webp"}], "description": null, "info": "", "images": [{"small": "https://rema-product-images.digital.rema1000.dk/102791/1-small-3MoMVaLQq5.webp", "medium": "https://rema-product-images.digital.rema1000.dk/102791/1-medium-3MoMVaLQq5.webp", "large": "https://rema-product-images.digital.rema1000.dk/102791/1-large-3MoMVaLQq5.webp"}], "prices": [{"price": 7.75, "price_over_max_quantity": null, "max_quantity": null, "is_advertised": false, "is_campaign": false, "starting_at": "2024-01-04T00:00:00+00:00", "ending_at": "2025-09-06T00:00:00+00:00", "deposit": null, "compare_unit": "kg", "compare_unit_price": 38.75, "consumption_unit": null, "consumption_quantity": null}], "temperature_zone": null, "is_self_scale_item": false, "is_weight_item": false, "is_available_in_all_stores": true, "is_batch_item": false}
{"id": 102801, "name": "TACOSAUCE, HOT", "underline": "230 GR. / TEX MEX", "age_limit": null, "hazard_precaution_statements": [], "labels": [{"id": 2, "name": "REMA1000", "image": "https://static-assets.digital.rema1000.dk/product/labels/2-64.webp"}], "description": null, "info": "", "images": [{"small": "https://rema-product-images.digital.rema1000.dk/102801/1-small-ElPB1jr89k.webp", "medium": "https://rema-product-images.digital.rema1000.dk/102801/1-medium-ElPB1jr89k.webp", "large": "https://rema-product-images.digital.rema1000.dk/102801/1-large-ElPB1jr89k.webp"}], "prices": [{"price": 9.75, "price_over_max_quantity": null, "max_quantity": null, "is_advertised": false, "is_campaign": false, "starting_at": "2024-01-04T00:00:00+00:00", "ending_at": "2025-09-06T00:00:00+00:00", "deposit": null, "compare_unit": "kg", "compare_unit_price": 42.39, "consumption_unit": null, "consumption_quantity": null}], "temperature_zone": null, "is_self_scale_item": false, "is_weight_item": false, "is_available_in_all_stores": true, "is_batch_item": false}
{"id": 102802, "name": "TORTILLAS HVEDE", "underline": "370 GR. / TEX MEX", "age_limit": null, "hazard_precaution_statements": [], "labels": [{"id": 2, "name": "REMA1000", "image": "https://static-assets.digital.rema1000.dk/product/labels/2-64.webp"}], "description": null, "info": "", "images": [{"small": "https://rema-product-images.digital.rema1000.dk/102802/1-small-kAonlJrj9x.webp", "medium": "https://rema-product-images.digital.rema1000.dk/102802/1-medium-kAonlJrj9x.webp", "large": "https://rema-product-images.digital.rema1000.dk/102802/1-large-kAonlJrj9x.webp"}], "prices": [{"price": 10.5, "price_over_max_quantity": null, "max_quantity": null, "is_advertised": false, "is_campaign": false, "starting_at": "2024-01-04T00:00:00+00:00", "ending_at": "2025-09-06T00:00:00+00:00", "deposit": null, "compare_unit": "kg", "compare_unit_price": 28.38, "consumption_unit": null, "consumption_quantity": null}], "temperature_zone": null, "is_self_scale_item": false, "is_weight_item": false, "is_available_in_all_stores": true, "is_batch_item": false}
{"id": 102803, "name": "SALSASAUCE HOT", "underline": "315 GR. / TEX MEX", "age_limit": null, "hazard_precaution_statements": [], "labels": [{"id": 2, "name": "REMA1000", "image": "https://static-assets.digital.rema1000.dk/product/labels/2-64.webp"}], "description": null, "info": "", "images": [{"small": "https://rema-product-images.digital.rema1000.dk/102803/1-small-3MoMVaL3q5.webp", "medium": "https://rema-product-images.digital.rema1000.dk/102803/1-medium-3MoMVaL3q5.webp", "large": "https://rema-product-images.digital.rema1000.dk/102803/1-large-3MoMVaL3q5.webp"}], "prices": [{"price": 9.75, "price_over_max_quantity": null, "max_quantity": null, "is_advertised": false, "is_campaign": false, "starting_at": "2024-01-04T00:00:00+00:00", "ending_at": "2025-09-06T00:00:00+00:00", "deposit": null, "compare_unit": "kg", "compare_unit_price": 30.95, "consumption_unit": null, "consumption_quantity": null}], "temperature_zone": null, "is_self_scale_item": false, "is_weight_item": false, "is_available_in_all_stores": true, "is_batch_item": false}
{"id": 102805, "name": "TACOSAUCE, MEDIUM", "underline": "230 GR. / TEX MEX", "age_limit": null, "hazard_precaution_statements": [], "labels": [{"id": 2, "name": "REMA1000", "image": "https://static-assets.digital.rema1000.dk/product/labels/2-64.webp"}], "description": null, "info": "", "images": [{"small": "https://rema-product-images.digital.rema1000.dk/102805/1-small-xQq8gOWQoZ.webp", "medium": "https://rema-product-images.digital.rema1000.dk/102805/1-medium-xQq8gOWQoZ.webp", "large": "https://rema-product-images.digital.rema1000.dk/102805/1-large-xQq8gOWQoZ.webp"}], "prices": [{"price": 9.75, "price_over_max_quantity": null, "max_quantity": null, "is_advertised": false, "is_campaign": false, "starting_at": "2024-01-04T00:00:00+00:00", "ending_at": "2025-09-06T00:00:00+00:00", "deposit": null, "compare_unit": "kg", "compare_unit_price": 42.39, "consumption_unit": null, "consumption_quantity": null}], "temperature_zone": null, "is_self_scale_item": false, "is_weight_item": false, "is_available_in_all_stores": true, "is_batch_item": false}
{"id": 102806, "name": "TACO SPICE MIX", "underline": "40 GR. / TEX MEX", "age_limit": null, "hazard_precaution_statements": [], "labels": [{"id": 2, "name": "REMA1000", "image": "https://static-assets.digital.rema1000.dk/product/labels/2-64.webp"}, {"id": 38, "name": "Gluten fri", "image": "https://static-assets.digital.rema1000.dk/product/labels/38-64.webp"}], "description": null, "info": "", "images": [{"small": "https://rema-product-images.digital.rema1000.dk/102806/1-small-vVoryd07P3.webp", "medium": "https://rema-product-images.digital.rema1000.dk/102806/1-medium-vVoryd07P3.webp", "large": "https://rema-product-images.digital.rema1000.dk/102806/1-large-vVoryd07P3.webp"}], "prices": [{"price": 5.25, "price_over_max_quantity": null, "max_quantity": null, "is_advertised": false, "is_campaign": false, "starting_at": "2024-01-04T00:00:00+00:00", "ending_at": "2025-09-06T00:00:00+00:00", "deposit": null, "compare_unit": "kg", "compare_unit_price": 131.25, "consumption_unit": null, "consumption_quantity": null}], "temperature_zone": null, "is_self_scale_item": false, "is_weight_item": false, "is_available_in_all_stores": true, "is_batch_item": false}
{"id": 102807, "name": "TACO SHELLS", "underline": "135 GR. / TEX MEX", "age_limit": null, "hazard_precaution_statements": [], "labels": [{"id": 2, "name": "REMA1000", "image": "https://static-assets.digital.rema1000.dk/product/labels/2-64.webp"}], "description": null, "info": "", "images": [{"small": "https://rema-product-images.digital.rema1000.dk/102807/1-small-v09gyJlnoA.webp", "medium": "https://rema-product-images.digital.rema1000.dk/102807/1-medium-v09gyJlnoA.webp", "large": "https://rema-product-images.digital.rema1000.dk/102807/1-large-v09gyJlnoA.webp"}], "prices": [{"price": 13.95, "price_over_max_quantity": null, "max_quantity": null, "is_advertised": false, "is_campaign": false, "starting_at": "2024-06-27T00:00:00+00:00", "ending_at": "2099-12-31T00:00:00+00:00", "deposit": null, "compare_unit": "kg", "compare_unit_price": 103.33, "consumption_unit": null, "consumption_quantity": null}], "temperature_zone": null, "is_self_scale_item": false, "is_weight_item": false, "is_available_in_all_stores": true, "is_batch_item": false}
{"id": 102809, "name": "TORTILLA CHIPS CHILI", "underline": "200 GR. / TEX MEX", "age_limit": null, "hazard_precaution_statements": [], "labels": [{"id": 2, "name": "REMA1000", "image": "https://static-assets.digital.rema1000.dk/product/labels/2-64.webp"}], "description": null, "info": "", "images": [{"small": "https://rema-product-images.digital.rema1000.dk/102809/1-small-aboK8G1zqp.webp", "medium": "https://rema-product-images.digital.rema1000.dk/102809/1-medium-aboK8G1zqp.webp", "large": "https://rema-product-images.digital.rema1000.dk/102809/1-large-aboK8G1zqp.webp"}], "prices": [{"price": 7.75, "price_over_max_quantity": null, "max_quantity": null, "is_advertised": false, "is_campaign": false, "starting_at": "2024-01-04T00:00:00+00:00", "ending_at": "2025-09-06T00:00:00+00:00", "deposit": null, "compare_unit": "kg", "compare_unit_price": 38.75, "consumption_unit": null, "consumption_quantity": null}], "temperature_zone": null, "is_self_scale_item": false, "is_weight_item": false, "is_available_in_all_stores": true, "is_batch_item": false}
{"id": 102810, "name": "SALSASAUCE MEDIUM", "underline": "315 GR. / TEX MEX", "age_limit": null, "hazard_precaution_statements": [], "labels": [{"id": 2, "name": "REMA1000", "image": "https://static-assets.digital.rema1000.dk/product/labels/2-64.webp"}], "description": null, "info": "", "images": [{"small": "https://rema-product-images.digital.rema1000.dk/102810/1-small-Al90WVzGq8.webp", "medium": "https://rema-product-images.digital.rema1000.dk/102810/1-medium-Al90WVzGq8.webp", "large": "https://rema-product-images.digital.rema1000.dk/102810/1-large-Al90WVzGq8.webp"}], "prices": [{"price": 9.75, "price_over_max_quantity": null, "max_quantity": null, "is_advertised": false, "is_campaign": false, "starting_at": "2024-01-04T00:00:00+00:00", "ending_at": "2025-09-06T00:00:00+00:00", "deposit": null, "compare_unit": "kg", "compare_unit_price": 30.95, "consumption_unit": null, "consumption_quantity": null}], "temperature_zone": null, "is_self_scale_item": false, "is_weight_item": false, "is_available_in_all_stores": true, "is_batch_item": false}
{"id": 102811, "name": "JALAPENOS I SKIVER", "underline": "220 GR. / TEX MEX", "age_limit": null, "hazard_precaution_statements": [], "labels": [{"id": 2, "name": "REMA1000", "image": "https://static-assets.digital.rema1000.dk/product/labels/2-64.webp"}], "description": null, "info": "", "images": [{"small": "https://rema-product-images.digital.rema1000.dk/102811/1-small-A5qVz08Mqa.webp", "medium": "https://rema-product-images.digital.rema1000.dk/102811/1-medium-A5qVz08Mqa.webp", "large": "https://rema-product-images.digital.rema1000.dk/102811/1-large-A5qVz08Mqa.webp"}], "prices": [{"price": 7.5, "price_over_max_quantity": null, "max_quantity": null, "is_advertised": false, "is_campaign": false, "starting_at": "2023-11-30T00:00:00+00:00", "ending_at": "2025-09-06T00:00:00+00:00", "deposit": null, "compare_unit": "kg", "compare_unit_price": 34.09, "consumption_unit": null, "consumption_quantity": null}], "temperature_zone": null, "is_self_scale_item": false, "is_weight_item": false, "is_available_in_all_stores": true, "is_batch_item": false}
{"id": 102812, "name": "FAJITA SPICE MIX", "underline": "40 GR. / TEX MEX", "age_limit": null, "hazard_precaution_statements": [], "labels": [{"id": 2, "name": "REMA1000", "image": "https://static-assets.digital.rema1000.dk/product/labels/2-64.webp"}], "description": null, "info": "", "images": [{"small": "https://rema-product-images.digital.rema1000.dk/102812/1-small-18oXzpKn9k.webp", "medium": "https://rema-product-images.digital.rema1000.dk/102812/1-medium-18oXzpKn9k.webp", "large": "https://rema-product-images.digital.rema1000.dk/102812/1-large-18oXzpKn9k.webp"}], "prices": [{"price": 5.25, "price_over_max_quantity": null, "max_quantity": null, "is_advertised": false, "is_campaign": false, "starting_at": "2024-01-04T00:00:00+00:00", "ending_at": "2025-09-06T00:00:00+00:00", "deposit": null, "compare_unit": "kg", "compare_unit_price": 131.25, "consumption_unit": null, "consumption_quantity": null}], "temperature_zone": null, "is_self_scale_item": false, "is_weight_item": false, "is_available_in_all_stores": true, "is_batch_item": false}
{"id": 102816, "name": "LAGEREDDIKE", "underline": "1 LTR. / REMA 1000", "age_limit": null, "hazard_precaution_statements": [], "labels": [{"id": 2, "name": "REMA1000", "image": "https://static-assets.digital.rema1000.dk/product/labels/2-64.webp"}], "description": null, "info": "", "images": [{"small": "https://rema-product-images.digital.rema1000.dk/102816/1-small-6xqAz18N9D.webp", "medium": "https://rema-product-images.digital.rema1000.dk/102816/1-medium-6xqAz18N9D.webp", "large": "https://rema-product-images.digital.rema1000.dk/102816/1-large-6xqAz18N9D.webp"}], "prices": [{"price": 6.5, "price_over_max_quantity": null, "max_quantity": null, "is_advertised": false, "is_campaign": false, "starting_at": "2023-12-07T00:00:00+00:00", "ending_at": "2099-12-31T00:00:00+00:00", "deposit": null, "compare_unit": "ltr", "compare_unit_price": 6.5, "consumption_unit": null, "consumption_quantity": null}], "temperature_zone": null, "is_self_scale_item": false, "is_weight_item": false, "is_available_in_all_stores": true, "is_batch_item": false}
{"id": 102820, "name": "SNACK  ROLLS", "underline": "125 GR. / REMA 1000 SWEET TOMATO", "age_limit": null, "hazard_precaution_statements": [], "labels": [{"id": 2, "name": "REMA1000", "image": "https://static-assets.digital.rema1000.dk/product/labels/2-64.webp"}], "description": null, "info": "", "images": [{"small": "https://rema-product-images.digital.rema1000.dk/102820/1-small-AKqebAQY9p.webp", "medium": "https://rema-product-images.digital.rema1000.dk/102820/1-medium-AKqebAQY9p.webp", "large": "https://rema-product-images.digital.rema1000.dk/102820/1-large-AKqebAQY9p.webp"}], "prices": [{"price": 7.75, "price_over_max_quantity": null, "max_quantity": null, "is_advertised": false, "is_campaign": false, "starting_at": "2024-01-04T00:00:00+00:00", "ending_at": "2025-09-06T00:00:00+00:00", "deposit": null, "compare_unit": "kg", "compare_unit_price": 62, "consumption_unit": null, "consumption_quantity": null}], "temperature_zone": null, "is_self_scale_item": false, "is_weight_item": false, "is_available_in_all_stores": true, "is_batch_item": false}
{"id": 102831, "name": "FULDKORNSTORTILLAS", "underline": "370 GR. / TEX MEX", "age_limit": null, "hazard_precaution_statements": [], "labels": [{"id": 2, "name": "REMA1000", "image": "https://static-assets.digital.rema1000.dk/product/labels/2-64.webp"}, {"id": 40, "name": "Nøglehul", "image": "https://static-assets.digital.rema1000.dk/product/labels/40-64.webp"}, {"id": 43, "name": "Fuldkorn", "image": "https://static-assets.digital.rema1000.dk/product/labels/43-64.webp"}], "description": null, "info": "", "images": [{"small": "https://rema-product-images.digital.rema1000.dk/102831/1-small-01q23V7897.webp", "medium": "https://rema-product-images.digital.rema1000.dk/102831/1-medium-01q23V7897.webp", "large": "https://rema-product-images.digital.rema1000.dk/102831/1-large-01q23V7897.webp"}], "prices": [{"price": 12.25, "price_over_max_quantity": null, "max_quantity": null, "is_advertised": false, "is_campaign": false, "starting_at": "2024-01-04T00:00:00+00:00", "ending_at": "2025-09-06T00:00:00+00:00", "deposit": null, "compare_unit": "kg", "compare_unit_price": 33.11, "consumption_unit": null, "consumption_quantity": null}], "temperature_zone": null, "is_self_scale_item": false, "is_weight_item": false, "is_available_in_all_stores": true, "is_batch_item": false}
{"id": 102870, "name": "ÆBLECIDER EDDIKE", "underline": "500 ML. / HEIDELBERG", "age_limit": null, "hazard_precaution_statements": [], "labels": [], "description": null, "info": "", "images": [{"small": "https://rema-product-images.digital.rema1000.dk/102870/1-small-kOq3bOXNo6.webp", "medium": "https://rema-product-images.digital.rema1000.dk/102870/1-medium-kOq3bOXNo6.webp", "large": "https://rema-product-images.digital.rema1000.dk/102870/1-large-kOq3bOXNo6.webp"}], "prices": [{"price": 24.5, "price_over_max_quantity": null, "max_quantity": null, "is_advertised": false, "is_campaign": false, "starting_at": "2025-01-30T00:00:00+00:00", "ending_at": "2099-12-31T00:00:00+00:00", "deposit": null, "compare_unit": "ltr", "compare_unit_price": 49, "consumption_unit": null, "consumption_quantity": null}], "temperature_zone": null, "is_self_scale_item": false, "is_weight_item": false, "is_available_in_all_stores": true, "is_batch_item": false}
{"id": 103101, "name": "ACETO BALSAMICO", "underline": "250 ML. / CUCINA", "age_limit": null, "hazard_precaution_statements": [], "labels": [], "description": "Balsamico Vineddike fra Modena. Syregrad: 6 %.<br />", "info": "", "images": [{"small": "https://rema-product-images.digital.rema1000.dk/103101/1-small-ElPB1jaj9k.webp", "medium": "https://rema-product-images.digital.rema1000.dk/103101/1-medium-ElPB1jaj9k.webp", "large": "https://rema-product-images.digital.rema1000.dk/103101/1-large-ElPB1jaj9k.webp"}], "prices": [{"price": 7.25, "price_over_max_quantity": null, "max_quantity": null, "is_advertised": false, "is_campaign": false, "starting_at": "2025-05-15T00:00:00+00:00", "ending_at": "2099-12-31T00:00:00+00:00", "deposit": null, "compare_unit": "ltr", "compare_unit_price": 29, "consumption_unit": null, "consumption_quantity": null}], "temperature_zone": null, "is_self_scale_item": false, "is_weight_item": false, "is_available_in_all_stores": true, "is_batch_item": false}
{"id": 10311, "name": "ICETEA CITRONSMAG", "underline": "1.5 LTR. / REMA 1000", "age_limit": null, "hazard_precaution_statements": [], "labels": [{"id": 2, "name": "REMA1000", "image": "https://static-assets.digital.rema1000.dk/product/labels/2-64.webp"}], "description": "<b>Discount med holdning</b><br />I REMA 1000 har vi fokus på kvalitet til lave priser og overskriften på vores arbejde er Discount med holdning.<br /> <br />Vi har en klar holdning til alle de varer, vi sælger. Vi stiller ikke kun krav til kvaliteten af vores egne mærkevarer – det er også vigtigt for os, at emballagerne er designet til genanvendelse, at indholdet er uden problematiske stoffer, og at varerne er produceret ansvarligt samt mærket med tydelige og valide certificeringer.<br /> <br /><b>Om denne vare</b><br />REMA 1000 ice tea med smag af citron og sort te er frisk og læskende. Ice tea nydes bedst iskold og gerne med isterninger og en citronskive.", "info": "", "images": [{"small": "https://rema-product-images.digital.rema1000.dk/10311/1-small-A5qVdBLPaQ.webp", "medium": "https://rema-product-images.digital.rema1000.dk/10311/1-medium-A5qVdBLPaQ.webp", "large": "https://rema-product-images.digital.rema1000.dk/10311/1-large-A5qVdBLPaQ.webp"}], "prices": [{"price": 4.95, "price_over_max_quantity": null, "max_quantity": null, "is_advertised": false, "is_campaign": false, "starting_at": "2022-06-02T00:00:00+00:00", "ending_at": "2099-12-31T00:00:00+00:00", "deposit": null, "compare_unit": "ltr", "compare_unit_price": 3.3, "consumption_unit": null, "consumption_quantity": null}], "temperature_zone": null, "is_self_scale_item": false, "is_weight_item": false, "is_available_in_all_stores": true, "is_batch_item": false}
{"id": 10357, "name": "TOMATJUICE", "underline": "1 LTR. / REMA1000", "age_limit": null, "hazard_precaution_statements": [], "labels": [{"id": 2, "name": "REMA1000", "image": "https://static-assets.digital.rema1000.dk/product/labels/2-64.webp"}], "description": null, "info": "", "images": [{"small": "https://rema-product-images.digital.rema1000.dk/10357/1-small-wyPbLpMqEm.webp", "medium": "https://rema-product-images.digital.rema1000.dk/10357/1-medium-wyPbLpMqEm.webp", "large": "https://rema-product-images.digital.rema1000.dk/10357/1-large-wyPbLpMqEm.webp"}], "prices": [{"price": 9.5, "price_over_max_quantity": null, "max_quantity": null, "is_advertised": false, "is_campaign": false, "starting_at": "2024-06-20T00:00:00+00:00", "ending_at": "2099-12-31T00:00:00+00:00", "deposit": null, "compare_unit": "ltr", "compare_unit_price": 9.5, "consumption_unit": null, "consumption_quantity": null}], "temperature_zone": null, "is_self_scale_item": false, "is_weight_item": false, "is_available_in_all_stores": true, "is_batch_item": false}
{"id": 104336, "name": "AGURKESALAT U/SUKKER", "underline": "320 GR. / SAMSØ", "age_limit": null, "hazard_precaution_statements": [], "labels": [{"id": 31, "name": "Ikke tilsat sukker", "image": "https://static-assets.digital.rema1000.dk/product/labels/31-64.webp"}], "description": null, "info": "", "images": [{"small": "https://rema-product-images.digital.rema1000.dk/104336/1-small-7doL56gpq6.webp", "medium": "https://rema-product-images.digital.rema1000.dk/104336/1-medium-7doL56gpq6.webp", "large": "https://rema-product-images.digital.rema1000.dk/104336/1-large-7doL56gpq6.webp"}], "prices": [{"price": 11.5, "price_over_max_quantity": null, "max_quantity": null, "is_advertised": false, "is_campaign": false, "starting_at": "2023-08-17T00:00:00+00:00", "ending_at": "2099-12-31T00:00:00+00:00", "deposit": null, "compare_unit": "kg", "compare_unit_price": 35.94, "consumption_unit": null, "consumption_quantity": null}], "temperature_zone": null, "is_self_scale_item": false, "is_weight_item": false, "is_available_in_all_stores": true, "is_batch_item": false}
{"id": 104345, "name": "RØDBEDER U/SUKKER", "underline": "370 GR. / SAMSØ", "age_limit": null, "hazard_precaution_statements": [], "labels": [{"id": 31, "name": "Ikke tilsat sukker", "image": "https://static-assets.digital.rema1000.dk/product/labels/31-64.webp"}], "description": null, "info": "", "images": [{"small": "https://rema-product-images.digital.rema1000.dk/104345/1-small-ElPB1jLQ9k.webp", "medium": "https://rema-product-images.digital.rema1000.dk/104345/1-medium-ElPB1jLQ9k.webp", "large": "https://rema-product-images.digital.rema1000.dk/104345/1-large-ElPB1jLQ9k.webp"}], "prices": [{"price": 12.95, "price_over_max_quantity": null, "max_quantity": null, "is_advertised": false, "is_campaign": false, "starting_at": "2024-03-26T00:00:00+00:00", "ending_at": "2099-12-31T00:00:00+00:00", "deposit": null, "compare_unit": "kg", "compare_unit_price": 35, "consumption_unit": null, "consumption_quantity": null}], "temperature_zone": null, "is_self_scale_item": false, "is_weight_item": false, "is_available_in_all_stores": true, "is_batch_item": false}
{"id": 104346, "name": "RØDKÅL U/SUKKER", "underline": "560 GR. / SAMSØ", "age_limit": null, "hazard_precaution_statements": [], "labels": [{"id": 31, "name": "Ikke tilsat sukker", "image": "https://static-assets.digital.rema1000.dk/product/labels/31-64.webp"}], "description": null, "info": "", "images": [{"small": "https://rema-product-images.digital.rema1000.dk/104346/1-small-kAonlJn59x.webp", "medium": "https://rema-product-images.digital.rema1000.dk/104346/1-medium-kAonlJn59x.webp", "large": "https://rema-product-images.digital.rema1000.dk/104346/1-large-kAonlJn59x.webp"}], "prices": [{"price": 12.95, "price_over_max_quantity": null, "max_quantity": null, "is_advertised": false, "is_campaign": false, "starting_at": "2024-03-26T00:00:00+00:00", "ending_at": "2099-12-31T00:00:00+00:00", "deposit": null, "compare_unit": "kg", "compare_unit_price": 23.13, "consumption_unit": null, "consumption_quantity": null}], "temperature_zone": null, "is_self_scale_item": false, "is_weight_item": false, "is_available_in_all_stores": true, "is_batch_item": false}
{"id": 105003, "name": "HINDBÆRMARMELADE", "underline": "265 GR. / REMA 1000 ØKOLOGISK", "age_limit": null, "hazard_precaution_statements": [], "labels": [{"id": 2, "name": "REMA1000", "image": "https://static-assets.digital.rema1000.dk/product/labels/2-64.webp"}, {"id": 5, "name": "Økologi", "image": "https://static-assets.digital.rema1000.dk/product/labels/5-64.webp"}, {"id": 6, "name": "Økologi", "image": "https://static-assets.digital.rema1000.dk/product/labels/6-64.webp"}], "description": null, "info": "", "images": [{"small": "https://rema-product-images.digital.rema1000.dk/105003/1-small-3MoMVpp3q5.webp", "medium": "https://rema-product-images.digital.rema1000.dk/105003/1-medium-3MoMVpp3q5.webp", "large": "https://rema-product-images.digital.rema1000.dk/105003/1-large-3MoMVpp3q5.webp"}], "prices": [{"price": 14.95, "price_over_max_quantity": null, "max_quantity": null, "is_advertised": false, "is_campaign": false, "starting_at": "2024-01-04T00:00:00+00:00", "ending_at": "2099-12-31T00:00:00+00:00", "deposit": null, "compare_unit": "kg", "compare_unit_price": 56.42, "consumption_unit": null, "consumption_quantity": null}], "temperature_zone": null, "is_self_scale_item": false, "is_weight_item": false, "is_available_in_all_stores": true, "is_batch_item": false}
{"id": 105036, "name": "APPELSINMARMELADE", "underline": "400 GR. / REMA 1000", "age_limit": null, "hazard_precaution_statements": [], "labels": [{"id": 2, "name": "REMA1000", "image": "https://static-assets.digital.rema1000.dk/product/labels/2-64.webp"}], "description": null, "info": "", "images": [{"small": "https://rema-product-images.digital.rema1000.dk/105036/1-small-7doL5AlKq6.webp", "medium": "https://rema-product-images.digital.rema1000.dk/105036/1-medium-7doL5AlKq6.webp", "large": "https://rema-product-images.digital.rema1000.dk/105036/1-large-7doL5AlKq6.webp"}], "prices": [{"price": 10.6, "price_over_max_quantity": null, "max_quantity": null, "is_advertised": false, "is_campaign": false, "starting_at": "2024-10-17T00:00:00+00:00", "ending_at": "2099-12-31T00:00:00+00:00", "deposit": null, "compare_unit": "kg", "compare_unit_price": 26.5, "consumption_unit": null, "consumption_quantity": null}], "temperature_zone": null, "is_self_scale_item": false, "is_weight_item": false, "is_available_in_all_stores": true, "is_batch_item": false}
{"id": 105038, "name": "JORDBÆR RABARBER", "underline": "400 GR. / REMA 1000 MARMELADE", "age_limit": null, "hazard_precaution_statements": [], "labels": [{"id": 2, "name": "REMA1000", "image": "https://static-assets.digital.rema1000.dk/product/labels/2-64.webp"}], "description": null, "info": "", "images": [{"small": "https://rema-product-images.digital.rema1000.dk/105038/1-small-MBoNnmlmov.webp", "medium": "https://rema-product-images.digital.rema1000.dk/105038/1-medium-MBoNnmlmov.webp", "large": "https://rema-product-images.digital.rema1000.dk/105038/1-large-MBoNnmlmov.webp"}], "prices": [{"price": 12.85, "price_over_max_quantity": null, "max_quantity": null, "is_advertised": false, "is_campaign": false, "starting_at": "2024-10-17T00:00:00+00:00", "ending_at": "2099-12-31T00:00:00+00:00", "deposit": null, "compare_unit": "kg", "compare_unit_price": 32.13, "consumption_unit": null, "consumption_quantity": null}], "temperature_zone": null, "is_self_scale_item": false, "is_weight_item": false, "is_available_in_all_stores": true, "is_batch_item": false}
{"id": 105041, "name": "ABRIKOSMARMELADE", "underline": "285 GR. / EASIS", "age_limit": null, "hazard_precaution_statements": [], "labels": [{"id": 31, "name": "Ikke tilsat sukker", "image": "https://static-assets.digital.rema1000.dk/product/labels/31-64.webp"}], "description": null, "info": "", "images": [{"small": "https://rema-product-images.digital.rema1000.dk/105041/1-small-we9EOel8og.webp", "medium": "https://rema-product-images.digital.rema1000.dk/105041/1-medium-we9EOel8og.webp", "large": "https://rema-product-images.digital.rema1000.dk/105041/1-large-we9EOel8og.webp"}], "prices": [{"price": 23.95, "price_over_max_quantity": null, "max_quantity": null, "is_advertised": false, "is_campaign": false, "starting_at": "2023-03-30T00:00:00+00:00", "ending_at": "2099-12-31T00:00:00+00:00", "deposit": null, "compare_unit": "kg", "compare_unit_price": 84.04, "consumption_unit": null, "consumption_quantity": null}], "temperature_zone": null, "is_self_scale_item": false, "is_weight_item": false, "is_available_in_all_stores": true, "is_batch_item": false}
{"id": 10506, "name": "ÆBLEJUICE", "underline": "1.5 LTR. / REMA 1000", "age_limit": null, "hazard_precaution_statements": [], "labels": [{"id": 2, "name": "REMA1000", "image": "https://static-assets.digital.rema1000.dk/product/labels/2-64.webp"}], "description": "<b>Discount med holdning</b><br />I REMA 1000 har vi fokus på kvalitet til lave priser og overskriften på vores arbejde er Discount med holdning.<br /> <br />Vi har en klar holdning til alle de varer, vi sælger. Vi stiller ikke kun krav til kvaliteten af vores egne mærkevarer – det er også vigtigt for os, at emballagerne er designet til genanvendelse, at indholdet er uden problematiske stoffer, og at varerne er produceret ansvarligt samt mærket med tydelige og valide certificeringer.<br /> <br /><b>Om denne vare</b><br />REMA 1000 æblejuice fra koncentrat er lavet af saftige æbler, som giver en frisk smag. Juicen er en klassiker på det danske morgenbord og nydes bedst iskold.", "info": "", "images": [{"small": "https://rema-product-images.digital.rema1000.dk/10506/1-small-vVorgJWq3z.webp", "medium": "https://rema-product-images.digital.rema1000.dk/10506/1-medium-vVorgJWq3z.webp", "large": "https://rema-product-images.digital.rema1000.dk/10506/1-large-vVorgJWq3z.webp"}], "prices": [{"price": 12.95, "price_over_max_quantity": null, "max_quantity": null, "is_advertised": false, "is_campaign": false, "starting_at": "2025-06-05T00:00:00+00:00", "ending_at": "2099-12-31T00:00:00+00:00", "deposit": null, "compare_unit": "ltr", "compare_unit_price": 8.63, "consumption_unit": null, "consumption_quantity": null}], "temperature_zone": null, "is_self_scale_item": false, "is_weight_item": false, "is_available_in_all_stores": true, "is_batch_item": false}
{"id": 105199, "name": "MARMELADE", "underline": "415 GR. / RASMUS KLUMP", "age_limit": null, "hazard_precaution_statements": [], "labels": [], "description": null, "info": "", "images": [{"small": "https://rema-product-images.digital.rema1000.dk/105199/1-small-A5qVz4Bpqa.webp", "medium": "https://rema-product-images.digital.rema1000.dk/105199/1-medium-A5qVz4Bpqa.webp", "large": "https://rema-product-images.digital.rema1000.dk/105199/1-large-A5qVz4Bpqa.webp"}], "prices": [{"price": 19.95, "price_over_max_quantity": null, "max_quantity": null, "is_advertised": false, "is_campaign": false, "starting_at": "2023-11-30T00:00:00+00:00", "ending_at": "2099-12-31T00:00:00+00:00", "deposit": null, "compare_unit": "kg", "compare_unit_price": 48.07, "consumption_unit": null, "consumption_quantity": null}], "temperature_zone": null, "is_self_scale_item": false, "is_weight_item": false, "is_available_in_all_stores": true, "is_batch_item": false}
{"id": 106311, "name": "RIBSGELÉ", "underline": "340 GR. / FYNBO", "age_limit": null, "hazard_precaution_statements": [], "labels": [], "description": null, "info": "", "images": [{"small": "https://rema-product-images.digital.rema1000.dk/106311/1-small-A5qVz4Glqa.webp", "medium": "https://rema-product-images.digital.rema1000.dk/106311/1-medium-A5qVz4Glqa.webp", "large": "https://rema-product-images.digital.rema1000.dk/106311/1-large-A5qVz4Glqa.webp"}], "prices": [{"price": 10.95, "price_over_max_quantity": null, "max_quantity": null, "is_advertised": false, "is_campaign": false, "starting_at": "2022-09-29T00:00:00+00:00", "ending_at": "2025-10-08T00:00:00+00:00", "deposit": null, "compare_unit": "kg", "compare_unit_price": 32.21, "consumption_unit": null, "consumption_quantity": null}], "temperature_zone": null, "is_self_scale_item": false, "is_weight_item": false, "is_available_in_all_stores": true, "is_batch_item": false}
{"id": 106455, "name": "KIRSEBÆRSAUCE", "underline": "500 GR. / VENDELBO", "age_limit": null, "hazard_precaution_statements": [], "labels": [], "description": null, "info": "", "images": [{"small": "https://rema-product-images.digital.rema1000.dk/106455/1-small-A5qVz4w3qa.webp", "medium": "https://rema-product-images.digital.rema1000.dk/106455/1-medium-A5qVz4w3qa.webp", "large": "https://rema-product-images.digital.rema1000.dk/106455/1-large-A5qVz4w3qa.webp"}], "prices": [{"price": 11.95, "price_over_max_quantity": null, "max_quantity": null, "is_advertised": false, "is_campaign": false, "starting_at": "2024-09-05T00:00:00+00:00", "ending_at": "2025-09-24T00:00:00+00:00", "deposit": null, "compare_unit": "kg", "compare_unit_price": 23.9, "consumption_unit": null, "consumption_quantity": null}], "temperature_zone": null, "is_self_scale_item": false, "is_weight_item": false, "is_available_in_all_stores": true, "is_batch_item": false}
{"id": 106664, "name": "JORDBÆRGRØD", "underline": "500 GR. / REMA 1000", "age_limit": null, "hazard_precaution_statements": [], "labels": [{"id": 2, "name": "REMA1000", "image": "https://static-assets.digital.rema1000.dk/product/labels/2-64.webp"}], "description": null, "info": "", "images": [{"small": "https://rema-product-images.digital.rema1000.dk/106664/1-small-AKqebJQM9p.webp", "medium": "https://rema-product-images.digital.rema1000.dk/106664/1-medium-AKqebJQM9p.webp", "large": "https://rema-product-images.digital.rema1000.dk/106664/1-large-AKqebJQM9p.webp"}], "prices": [{"price": 11.5, "price_over_max_quantity": null, "max_quantity": null, "is_advertised": false, "is_campaign": false, "starting_at": "2022-11-10T00:00:00+00:00", "ending_at": "2025-09-13T00:00:00+00:00", "deposit": null, "compare_unit": "kg", "compare_unit_price": 23, "consumption_unit": null, "consumption_quantity": null}], "temperature_zone": null, "is_self_scale_item": false, "is_weight_item": false, "is_available_in_all_stores": true, "is_batch_item": false}
{"id": 106665, "name": "ABRIKOSGRØD", "underline": "500 GR. / REMA 1000", "age_limit": null, "hazard_precaution_statements": [], "labels": [{"id": 2, "name": "REMA1000", "image": "https://static-assets.digital.rema1000.dk/product/labels/2-64.webp"}], "description": null, "info": "", "images": [{"small": "https://rema-product-images.digital.rema1000.dk/106665/1-small-bJ9Ya6709L.webp", "medium": "https://rema-product-images.digital.rema1000.dk/106665/1-medium-bJ9Ya6709L.webp", "large": "https://rema-product-images.digital.rema1000.dk/106665/1-large-bJ9Ya6709L.webp"}], "prices": [{"price": 11.5, "price_over_max_quantity": null, "max_quantity": null, "is_advertised": false, "is_campaign": false, "starting_at": "2022-11-10T00:00:00+00:00", "ending_at": "2025-09-13T00:00:00+00:00", "deposit": null, "compare_unit": "kg", "compare_unit_price": 23, "consumption_unit": null, "consumption_quantity": null}], "temperature_zone": null, "is_self_scale_item": false, "is_weight_item": false, "is_available_in_all_stores": true, "is_batch_item": false}
{"id": 106666, "name": "SVESKEGRØD", "underline": "500 GR. / REMA 1000", "age_limit": null, "hazard_precaution_statements": [], "labels": [{"id": 2, "name": "REMA1000", "image": "https://static-assets.digital.rema1000.dk/product/labels/2-64.webp"}], "description": null, "info": "", "images": [{"small": "https://rema-product-images.digital.rema1000.dk/106666/1-small-pyozdRbV9X.webp", "medium": "https://rema-product-images.digital.rema1000.dk/106666/1-medium-pyozdRbV9X.webp", "large": "https://rema-product-images.digital.rema1000.dk/106666/1-large-pyozdRbV9X.webp"}], "prices": [{"price": 11.5, "price_over_max_quantity": null, "max_quantity": null, "is_advertised": false, "is_campaign": false, "starting_at": "2022-11-10T00:00:00+00:00", "ending_at": "2025-09-13T00:00:00+00:00", "deposit": null, "compare_unit": "kg", "compare_unit_price": 23, "consumption_unit": null, "consumption_quantity": null}], "temperature_zone": null, "is_self_scale_item": false, "is_weight_item": false, "is_available_in_all_stores": true, "is_batch_item": false}
{"id": 106667, "name": "ÆBLEGRØD", "underline": "500 GR. / REMA 1000", "age_limit": null, "hazard_precaution_statements": [], "labels": [{"id": 2, "name": "REMA1000", "image": "https://static-assets.digital.rema1000.dk/product/labels/2-64.webp"}], "description": null, "info": "", "images": [{"small": "https://rema-product-images.digital.rema1000.dk/106667/1-small-MNqZndKdqA.webp", "medium": "https://rema-product-images.digital.rema1000.dk/106667/1-medium-MNqZndKdqA.webp", "large": "https://rema-product-images.digital.rema1000.dk/106667/1-large-MNqZndKdqA.webp"}], "prices": [{"price": 11.5, "price_over_max_quantity": null, "max_quantity": null, "is_advertised": false, "is_campaign": false, "starting_at": "2022-11-10T00:00:00+00:00", "ending_at": "2025-09-13T00:00:00+00:00", "deposit": null, "compare_unit": "kg", "compare_unit_price": 23, "consumption_unit": null, "consumption_quantity": null}], "temperature_zone": null, "is_self_scale_item": false, "is_weight_item": false, "is_available_in_all_stores": true, "is_batch_item": false}
{"id": 10680, "name": "ANANAS JUICE", "underline": "1 LTR. / DANFRUGT", "age_limit": null, "hazard_precaution_statements": [], "labels": [{"id": 2, "name": "REMA1000", "image": "https://static-assets.digital.rema1000.dk/product/labels/2-64.webp"}], "description": null, "info": "", "images": [{"small": "https://rema-product-images.digital.rema1000.dk/10680/1-small-7doLOvNP6r.webp", "medium": "https://rema-product-images.digital.rema1000.dk/10680/1-medium-7doLOvNP6r.webp", "large": "https://rema-product-images.digital.rema1000.dk/10680/1-large-7doLOvNP6r.webp"}], "prices": [{"price": 24, "price_over_max_quantity": null, "max_quantity": null, "is_advertised": false, "is_campaign": false, "starting_at": "2025-06-19T00:00:00+00:00", "ending_at": "2099-12-31T00:00:00+00:00", "deposit": 3, "compare_unit": "ltr", "compare_unit_price": 24, "consumption_unit": null, "consumption_quantity": null}], "temperature_zone": null, "is_self_scale_item": false, "is_weight_item": false, "is_available_in_all_stores": true, "is_batch_item": false}
{"id": 106819, "name": "HONNING", "underline": "425 GR. / REMA 1000", "age_limit": null, "hazard_precaution_statements": [], "labels": [{"id": 2, "name": "REMA1000", "image": "https://static-assets.digital.rema1000.dk/product/labels/2-64.webp"}], "description": "Udenlandsk honning. Se oprindelse på bægeret. <br />", "info": "", "images": [{"small": "https://rema-product-images.digital.rema1000.dk/106819/1-small-rDq6D6jOPb.webp", "medium": "https://rema-product-images.digital.rema1000.dk/106819/1-medium-rDq6D6jOPb.webp", "large": "https://rema-product-images.digital.rema1000.dk/106819/1-large-rDq6D6jOPb.webp"}], "prices": [{"price": 18.95, "price_over_max_quantity": null, "max_quantity": null, "is_advertised": false, "is_campaign": false, "starting_at": "2024-10-17T00:00:00+00:00", "ending_at": "2099-12-31T00:00:00+00:00", "deposit": null, "compare_unit": "kg", "compare_unit_price": 44.59, "consumption_unit": null, "consumption_quantity": null}], "temperature_zone": null, "is_self_scale_item": false, "is_weight_item": false, "is_available_in_all_stores": true, "is_batch_item": false}
{"id": 10682, "name": "PINK GRAPEFRUGT", "underline": "1 LTR. / DANFRUGT", "age_limit": null, "hazard_precaution_statements": [], "labels": [{"id": 2, "name": "REMA1000", "image": "https://static-assets.digital.rema1000.dk/product/labels/2-64.webp"}], "description": null, "info": "", "images": [{"small": "https://rema-product-images.digital.rema1000.dk/10682/1-small-MBoNvADovA.webp", "medium": "https://rema-product-images.digital.rema1000.dk/10682/1-medium-MBoNvADovA.webp", "large": "https://rema-product-images.digital.rema1000.dk/10682/1-large-MBoNvADovA.webp"}], "prices": [{"price": 24, "price_over_max_quantity": null, "max_quantity": null, "is_advertised": false, "is_campaign": false, "starting_at": "2024-01-04T00:00:00+00:00", "ending_at": "2099-12-31T00:00:00+00:00", "deposit": 3, "compare_unit": "ltr", "compare_unit_price": 24, "consumption_unit": null, "consumption_quantity": null}], "temperature_zone": null, "is_self_scale_item": false, "is_weight_item": false, "is_available_in_all_stores": true, "is_batch_item": false}
{"id": 107310, "name": "COCKTAILPØLSER", "underline": "115 GR. / REMA 1000", "age_limit": null, "hazard_precaution_statements": [], "labels": [{"id": 2, "name": "REMA1000", "image": "https://static-assets.digital.rema1000.dk/product/labels/2-64.webp"}, {"id": 40, "name": "Nøglehul", "image": "https://static-assets.digital.rema1000.dk/product/labels/40-64.webp"}], "description": "Cocktailpølser i lage. Pasteuriseret.<br />", "info": "", "images": [{"small": "https://rema-product-images.digital.rema1000.dk/107310/1-small-Al90WaBnq8.webp", "medium": "https://rema-product-images.digital.rema1000.dk/107310/1-medium-Al90WaBnq8.webp", "large": "https://rema-product-images.digital.rema1000.dk/107310/1-large-Al90WaBnq8.webp"}], "prices": [{"price": 10.95, "price_over_max_quantity": null, "max_quantity": null, "is_advertised": false, "is_campaign": false, "starting_at": "2025-01-23T00:00:00+00:00", "ending_at": "2028-10-15T00:00:00+00:00", "deposit": null, "compare_unit": "kg", "compare_unit_price": 95.22, "consumption_unit": null, "consumption_quantity": null}], "temperature_zone": null, "is_self_scale_item": false, "is_weight_item": false, "is_available_in_all_stores": true, "is_batch_item": false}
{"id": 10758, "name": "GRØNTSAGSDRIK", "underline": "1 LTR. / REMA1000", "age_limit": null, "hazard_precaution_statements": [], "labels": [{"id": 2, "name": "REMA1000", "image": "https://static-assets.digital.rema1000.dk/product/labels/2-64.webp"}], "description": "Grøntsagsdrik fra koncentrat. Pasteuriseret.", "info": "", "images": [{"small": "https://rema-product-images.digital.rema1000.dk/10758/1-small-3MovQ6XPAb.webp", "medium": "https://rema-product-images.digital.rema1000.dk/10758/1-medium-3MovQ6XPAb.webp", "large": "https://rema-product-images.digital.rema1000.dk/10758/1-large-3MovQ6XPAb.webp"}], "prices": [{"price": 8.95, "price_over_max_quantity": null, "max_quantity": null, "is_advertised": false, "is_campaign": false, "starting_at": "2016-03-14T00:00:00+00:00", "ending_at": "2099-12-31T00:00:00+00:00", "deposit": null, "compare_unit": "ltr", "compare_unit_price": 8.95, "consumption_unit": null, "consumption_quantity": null}], "temperature_zone": null, "is_self_scale_item": false, "is_weight_item": false, "is_available_in_all_stores": true, "is_batch_item": false}
{"id": 107912, "name": "KIDNEY BØNNER", "underline": "410 GR. / REMA 1000 CHILISAUCE", "age_limit": null, "hazard_precaution_statements": [], "labels": [{"id": 2, "name": "REMA1000", "image": "https://static-assets.digital.rema1000.dk/product/labels/2-64.webp"}], "description": null, "info": "", "images": [{"small": "https://rema-product-images.digital.rema1000.dk/107912/1-small-18oXzA0E9k.webp", "medium": "https://rema-product-images.digital.rema1000.dk/107912/1-medium-18oXzA0E9k.webp", "large": "https://rema-product-images.digital.rema1000.dk/107912/1-large-18oXzA0E9k.webp"}], "prices": [{"price": 7.95, "price_over_max_quantity": null, "max_quantity": null, "is_advertised": false, "is_campaign": false, "starting_at": "2022-12-29T00:00:00+00:00", "ending_at": "2099-12-31T00:00:00+00:00", "deposit": null, "compare_unit": "kg", "compare_unit_price": 19.39, "consumption_unit": null, "consumption_quantity": null}], "temperature_zone": null, "is_self_scale_item": false, "is_weight_item": false, "is_available_in_all_stores": true, "is_batch_item": false}
{"id": 107913, "name": "KIDNEY BØNNER I LAGE", "underline": "240 GR. / REMA 1000", "age_limit": null, "hazard_precaution_statements": [], "labels": [{"id": 2, "name": "REMA1000", "image": "https://static-assets.digital.rema1000.dk/product/labels/2-64.webp"}, {"id": 40, "name": "Nøglehul", "image": "https://static-assets.digital.rema1000.dk/product/labels/40-64.webp"}], "description": null, "info": "", "images": [{"small": "https://rema-product-images.digital.rema1000.dk/107913/1-small-wyPbjJeWPE.webp", "medium": "https://rema-product-images.digital.rema1000.dk/107913/1-medium-wyPbjJeWPE.webp", "large": "https://rema-product-images.digital.rema1000.dk/107913/1-large-wyPbjJeWPE.webp"}], "prices": [{"price": 6.95, "price_over_max_quantity": null, "max_quantity": null, "is_advertised": false, "is_campaign": false, "starting_at": "2024-03-26T00:00:00+00:00", "ending_at": "2099-12-31T00:00:00+00:00", "deposit": null, "compare_unit": "kg", "compare_unit_price": 28.96, "consumption_unit": null, "consumption_quantity": null}], "temperature_zone": null, "is_self_scale_item": false, "is_weight_item": false, "is_available_in_all_stores": true, "is_batch_item": false}
{"id": 107914, "name": "HVIDE BØNNER", "underline": "420 GR. / I TOMAT, REMA 1000", "age_limit": null, "hazard_precaution_statements": [], "labels": [{"id": 2, "name": "REMA1000", "image": "https://static-assets.digital.rema1000.dk/product/labels/2-64.webp"}], "description": null, "info": "", "images": [{"small": "https://rema-product-images.digital.rema1000.dk/107914/1-small-3Movlz749A.webp", "medium": "https://rema-product-images.digital.rema1000.dk/107914/1-medium-3Movlz749A.webp", "large": "https://rema-product-images.digital.rema1000.dk/107914/1-large-3Movlz749A.webp"}], "prices": [{"price": 6.95, "price_over_max_quantity": null, "max_quantity": null, "is_advertised": false, "is_campaign": false, "starting_at": "2024-03-26T00:00:00+00:00", "ending_at": "2099-12-31T00:00:00+00:00", "deposit": null, "compare_unit": "kg", "compare_unit_price": 16.55, "consumption_unit": null, "consumption_quantity": null}], "temperature_zone": null, "is_self_scale_item": false, "is_weight_item": false, "is_available_in_all_stores": true, "is_batch_item": false}
{"id": 108057, "name": "ÆRTER & GULERØDDER", "underline": "265 GR. / BONDUELLE", "age_limit": null, "hazard_precaution_statements": [], "labels": [], "description": null, "info": "", "images": [{"small": "https://rema-product-images.digital.rema1000.dk/108057/1-small-wyPbjJ8gPE.webp", "medium": "https://rema-product-images.digital.rema1000.dk/108057/1-medium-wyPbjJ8gPE.webp", "large": "https://rema-product-images.digital.rema1000.dk/108057/1-large-wyPbjJ8gPE.webp"}, {"small": "https://rema-product-images.digital.rema1000.dk/108057/2-small-wyPbjJ8gPE.webp", "medium": "https://rema-product-images.digital.rema1000.dk/108057/2-medium-wyPbjJ8gPE.webp", "large": "https://rema-product-images.digital.rema1000.dk/108057/2-large-wyPbjJ8gPE.webp"}], "prices": [{"price": 20.95, "price_over_max_quantity": null, "max_quantity": null, "is_advertised": false, "is_campaign": false, "starting_at": "2023-06-29T00:00:00+00:00", "ending_at": "2099-12-31T00:00:00+00:00", "deposit": null, "compare_unit": "kg", "compare_unit_price": 79.06, "consumption_unit": null, "consumption_quantity": null}], "temperature_zone": null, "is_self_scale_item": false, "is_weight_item": false, "is_available_in_all_stores": true, "is_batch_item": false}
{"id": 108222, "name": "CHAMPIGNON HELE", "underline": "170 GR. / BONDUELLE", "age_limit": null, "hazard_precaution_statements": [], "labels": [], "description": null, "info": "", "images": [{"small": "https://rema-product-images.digital.rema1000.dk/108222/1-small-pyozdRvz9X.webp", "medium": "https://rema-product-images.digital.rema1000.dk/108222/1-medium-pyozdRvz9X.webp", "large": "https://rema-product-images.digital.rema1000.dk/108222/1-large-pyozdRvz9X.webp"}], "prices": [{"price": 13.95, "price_over_max_quantity": null, "max_quantity": null, "is_advertised": false, "is_campaign": false, "starting_at": "2023-06-29T00:00:00+00:00", "ending_at": "2095-01-22T00:00:00+00:00", "deposit": null, "compare_unit": "kg", "compare_unit_price": 82.06, "consumption_unit": null, "consumption_quantity": null}], "temperature_zone": null, "is_self_scale_item": false, "is_weight_item": false, "is_available_in_all_stores": true, "is_batch_item": false}
{"id": 108224, "name": "OLIVEN MIX", "underline": "180 GR. / ALEXOS", "age_limit": null, "hazard_precaution_statements": [], "labels": [], "description": "Et mix af de kødfulde og solmodne kalamata oliven og de klassiske grønne oliven er tilsammen en skøn smagsoplevelse i den traditionelle olimarinade med urter, hvidløg og rød peber.", "info": "", "images": [{"small": "https://rema-product-images.digital.rema1000.dk/108224/1-small-vXodjJ2v93.webp", "medium": "https://rema-product-images.digital.rema1000.dk/108224/1-medium-vXodjJ2v93.webp", "large": "https://rema-product-images.digital.rema1000.dk/108224/1-large-vXodjJ2v93.webp"}], "prices": [{"price": 19.95, "price_over_max_quantity": null, "max_quantity": null, "is_advertised": false, "is_campaign": false, "starting_at": "2025-04-03T00:00:00+00:00", "ending_at": "2099-12-31T00:00:00+00:00", "deposit": null, "compare_unit": "kg", "compare_unit_price": 110.83, "consumption_unit": null, "consumption_quantity": null}], "temperature_zone": null, "is_self_scale_item": false, "is_weight_item": false, "is_available_in_all_stores": true, "is_batch_item": false}
{"id": 108225, "name": "CHAMPIGNON SKIVER", "underline": "170 GR. / REMA 1000", "age_limit": null, "hazard_precaution_statements": [], "labels": [{"id": 2, "name": "REMA1000", "image": "https://static-assets.digital.rema1000.dk/product/labels/2-64.webp"}], "description": null, "info": "", "images": [{"small": "https://rema-product-images.digital.rema1000.dk/108225/1-small-Ea91Z16yPz.webp", "medium": "https://rema-product-images.digital.rema1000.dk/108225/1-medium-Ea91Z16yPz.webp", "large": "https://rema-product-images.digital.rema1000.dk/108225/1-large-Ea91Z16yPz.webp"}], "prices": [{"price": 7.25, "price_over_max_quantity": null, "max_quantity": null, "is_advertised": false, "is_campaign": false, "starting_at": "2024-05-02T00:00:00+00:00", "ending_at": "2099-12-31T00:00:00+00:00", "deposit": null, "compare_unit": "kg", "compare_unit_price": 42.65, "consumption_unit": null, "consumption_quantity": null}], "temperature_zone": null, "is_self_scale_item": false, "is_weight_item": false, "is_available_in_all_stores": true, "is_batch_item": false}
{"id": 108332, "name": "HAKKEDE TOMATER", "underline": "400 GR. / REMA 1000 M/HVIDLØG", "age_limit": null, "hazard_precaution_statements": [], "labels": [{"id": 2, "name": "REMA1000", "image": "https://static-assets.digital.rema1000.dk/product/labels/2-64.webp"}, {"id": 40, "name": "Nøglehul", "image": "https://static-assets.digital.rema1000.dk/product/labels/40-64.webp"}], "description": null, "info": "", "images": [{"small": "https://rema-product-images.digital.rema1000.dk/108332/1-small-nDPWJRWV9W.webp", "medium": "https://rema-product-images.digital.rema1000.dk/108332/1-medium-nDPWJRWV9W.webp", "large": "https://rema-product-images.digital.rema1000.dk/108332/1-large-nDPWJRWV9W.webp"}], "prices": [{"price": 7.5, "price_over_max_quantity": null, "max_quantity": null, "is_advertised": false, "is_campaign": false, "starting_at": "2022-10-06T00:00:00+00:00", "ending_at": "2099-12-31T00:00:00+00:00", "deposit": null, "compare_unit": "kg", "compare_unit_price": 18.75, "consumption_unit": null, "consumption_quantity": null}], "temperature_zone": null, "is_self_scale_item": false, "is_weight_item": false, "is_available_in_all_stores": true, "is_batch_item": false}
{"id": 108513, "name": "KARTOFLER I GLAS", "underline": "425 GR. / REMA 1000", "age_limit": null, "hazard_precaution_statements": [], "labels": [{"id": 2, "name": "REMA1000", "image": "https://static-assets.digital.rema1000.dk/product/labels/2-64.webp"}], "description": null, "info": "", "images": [{"small": "https://rema-product-images.digital.rema1000.dk/108513/1-small-wyPbjG0QPE.webp", "medium": "https://rema-product-images.digital.rema1000.dk/108513/1-medium-wyPbjG0QPE.webp", "large": "https://rema-product-images.digital.rema1000.dk/108513/1-large-wyPbjG0QPE.webp"}], "prices": [{"price": 8.25, "price_over_max_quantity": null, "max_quantity": null, "is_advertised": false, "is_campaign": false, "starting_at": "2025-01-23T00:00:00+00:00", "ending_at": "2099-12-31T00:00:00+00:00", "deposit": null, "compare_unit": "kg", "compare_unit_price": 19.41, "consumption_unit": null, "consumption_quantity": null}], "temperature_zone": null, "is_self_scale_item": false, "is_weight_item": false, "is_available_in_all_stores": true, "is_batch_item": false}
{"id": 108650, "name": "PESTO", "underline": "190 GR. / BASILIKUM", "age_limit": null, "hazard_precaution_statements": [], "labels": [{"id": 9001, "name": "Avisvare", "image": "https://static-assets.digital.rema1000.dk/product/labels/9001-64.webp"}], "description": null, "info": "", "images": [{"small": "https://rema-product-images.digital.rema1000.dk/108650/1-small-vVory3gBP3.webp", "medium": "https://rema-product-images.digital.rema1000.dk/108650/1-medium-vVory3gBP3.webp", "large": "https://rema-product-images.digital.rema1000.dk/108650/1-large-vVory3gBP3.webp"}], "prices": [{"price": 20, "price_over_max_quantity": null, "max_quantity": null, "is_advertised": true, "is_campaign": false, "starting_at": "2025-08-17T00:00:00+00:00", "ending_at": "2025-11-15T00:00:00+00:00", "deposit": null, "compare_unit": "kg", "compare_unit_price": 105.26, "consumption_unit": null, "consumption_quantity": null}], "temperature_zone": null, "is_self_scale_item": false, "is_weight_item": false, "is_available_in_all_stores": true, "is_batch_item": true}
{"id": 108651, "name": "TOMAT PESTO", "underline": "190 GR. / SPIZE", "age_limit": null, "hazard_precaution_statements": [], "labels": [{"id": 9001, "name": "Avisvare", "image": "https://static-assets.digital.rema1000.dk/product/labels/9001-64.webp"}], "description": null, "info": "", "images": [{"small": "https://rema-product-images.digital.rema1000.dk/108651/1-small-v09gy43EoA.webp", "medium": "https://rema-product-images.digital.rema1000.dk/108651/1-medium-v09gy43EoA.webp", "large": "https://rema-product-images.digital.rema1000.dk/108651/1-large-v09gy43EoA.webp"}], "prices": [{"price": 20, "price_over_max_quantity": null, "max_quantity": null, "is_advertised": true, "is_campaign": false, "starting_at": "2025-08-17T00:00:00+00:00", "ending_at": "2025-11-15T00:00:00+00:00", "deposit": null, "compare_unit": "kg", "compare_unit_price": 105.26, "consumption_unit": null, "consumption_quantity": null}], "temperature_zone": null, "is_self_scale_item": false, "is_weight_item": false, "is_available_in_all_stores": true, "is_batch_item": true}
{"id": 108652, "name": "PEBERFRUGT PESTO", "underline": "190 GR. / SPIZE", "age_limit": null, "hazard_precaution_statements": [], "labels": [{"id": 9001, "name": "Avisvare", "image": "https://static-assets.digital.rema1000.dk/product/labels/9001-64.webp"}], "description": null, "info": "", "images": [{"small": "https://rema-product-images.digital.rema1000.dk/108652/1-small-NpP7k2rvPO.webp", "medium": "https://rema-product-images.digital.rema1000.dk/108652/1-medium-NpP7k2rvPO.webp", "large": "https://rema-product-images.digital.rema1000.dk/108652/1-large-NpP7k2rvPO.webp"}], "prices": [{"price": 20, "price_over_max_quantity": null, "max_quantity": null, "is_advertised": true, "is_campaign": false, "starting_at": "2025-08-17T00:00:00+00:00", "ending_at": "2025-11-15T00:00:00+00:00", "deposit": null, "compare_unit": "kg", "compare_unit_price": 105.26, "consumption_unit": null, "consumption_quantity": null}], "temperature_zone": null, "is_self_scale_item": false, "is_weight_item": false, "is_available_in_all_stores": true, "is_batch_item": true}
{"id": 108653, "name": "CREMET PESTO", "underline": "190 GR. / CHILI", "age_limit": null, "hazard_precaution_statements": [], "labels": [{"id": 9001, "name": "Avisvare", "image": "https://static-assets.digital.rema1000.dk/product/labels/9001-64.webp"}], "description": null, "info": "", "images": [{"small": "https://rema-product-images.digital.rema1000.dk/108653/1-small-aboK8Rgvqp.webp", "medium": "https://rema-product-images.digital.rema1000.dk/108653/1-medium-aboK8Rgvqp.webp", "large": "https://rema-product-images.digital.rema1000.dk/108653/1-large-aboK8Rgvqp.webp"}], "prices": [{"price": 20, "price_over_max_quantity": null, "max_quantity": null, "is_advertised": true, "is_campaign": false, "starting_at": "2025-08-17T00:00:00+00:00", "ending_at": "2025-11-15T00:00:00+00:00", "deposit": null, "compare_unit": "kg", "compare_unit_price": 105.26, "consumption_unit": null, "consumption_quantity": null}], "temperature_zone": null, "is_self_scale_item": false, "is_weight_item": false, "is_available_in_all_stores": true, "is_batch_item": true}
{"id": 108686, "name": "KALAMATA OLIVEN", "underline": "180 GR. / ALEXOS MED STEN", "age_limit": null, "hazard_precaution_statements": [], "labels": [], "description": "Kalamata oliven fra Peleponnes modnedes naturligt på træet. Efter lagen er hældt fra, er olivene velegnede til tapas, grillretter, forretter, som snack og meget mere.<br />", "info": "", "images": [{"small": "https://rema-product-images.digital.rema1000.dk/108686/1-small-A4Py0vAA9L.webp", "medium": "https://rema-product-images.digital.rema1000.dk/108686/1-medium-A4Py0vAA9L.webp", "large": "https://rema-product-images.digital.rema1000.dk/108686/1-large-A4Py0vAA9L.webp"}], "prices": [{"price": 19.95, "price_over_max_quantity": null, "max_quantity": null, "is_advertised": false, "is_campaign": false, "starting_at": "2024-05-02T00:00:00+00:00", "ending_at": "2099-12-31T00:00:00+00:00", "deposit": null, "compare_unit": "kg", "compare_unit_price": 110.83, "consumption_unit": null, "consumption_quantity": null}], "temperature_zone": null, "is_self_scale_item": false, "is_weight_item": false, "is_available_in_all_stores": true, "is_batch_item": false}
{"id": 108742, "name": "KAPERS", "underline": "60 GR. / REMA 1000", "age_limit": null, "hazard_precaution_statements": [], "labels": [{"id": 2, "name": "REMA1000", "image": "https://static-assets.digital.rema1000.dk/product/labels/2-64.webp"}], "description": null, "info": "", "images": [{"small": "https://rema-product-images.digital.rema1000.dk/108742/1-small-A4Py0v5n9L.webp", "medium": "https://rema-product-images.digital.rema1000.dk/108742/1-medium-A4Py0v5n9L.webp", "large": "https://rema-product-images.digital.rema1000.dk/108742/1-large-A4Py0v5n9L.webp"}], "prices": [{"price": 7.25, "price_over_max_quantity": null, "max_quantity": null, "is_advertised": false, "is_campaign": false, "starting_at": "2025-01-23T00:00:00+00:00", "ending_at": "2099-12-31T00:00:00+00:00", "deposit": null, "compare_unit": "kg", "compare_unit_price": 120.83, "consumption_unit": null, "consumption_quantity": null}], "temperature_zone": null, "is_self_scale_item": false, "is_weight_item": false, "is_available_in_all_stores": true, "is_batch_item": false}
{"id": 10883, "name": "SUN LOLLY", "underline": "480 ML. / COLA", "age_limit": null, "hazard_precaution_statements": [], "labels": [{"id": 9001, "name": "Avisvare", "image": "https://static-assets.digital.rema1000.dk/product/labels/9001-64.webp"}], "description": null, "info": "", "images": [{"small": "https://rema-product-images.digital.rema1000.dk/10883/1-small-zOPlQ1JoRW.webp", "medium": "https://rema-product-images.digital.rema1000.dk/10883/1-medium-zOPlQ1JoRW.webp", "large": "https://rema-product-images.digital.rema1000.dk/10883/1-large-zOPlQ1JoRW.webp"}], "prices": [{"price": 12, "price_over_max_quantity": null, "max_quantity": null, "is_advertised": true, "is_campaign": true, "starting_at": "2025-08-17T00:00:00+00:00", "ending_at": "2025-08-23T00:00:00+00:00", "deposit": null, "compare_unit": "ltr", "compare_unit_price": 25, "consumption_unit": null, "consumption_quantity": null}, {"price": 20, "price_over_max_quantity": null, "max_quantity": null, "is_advertised": false, "is_campaign": false, "starting_at": "2025-08-24T00:00:00+00:00", "ending_at": "2099-12-31T00:00:00+00:00", "deposit": null, "compare_unit": "ltr", "compare_unit_price": 41.67, "consumption_unit": null, "consumption_quantity": null}], "temperature_zone": null, "is_self_scale_item": false, "is_weight_item": false, "is_available_in_all_stores": true, "is_batch_item": false}
{"id": 108852, "name": "TOMATSAUCE", "underline": "400 GR. / CUCINA BASILIKUM", "age_limit": null, "hazard_precaution_statements": [], "labels": [], "description": null, "info": "", "images": [{"small": "https://rema-product-images.digital.rema1000.dk/108852/1-small-NpP7k2pMPO.webp", "medium": "https://rema-product-images.digital.rema1000.dk/108852/1-medium-NpP7k2pMPO.webp", "large": "https://rema-product-images.digital.rema1000.dk/108852/1-large-NpP7k2pMPO.webp"}], "prices": [{"price": 17.95, "price_over_max_quantity": null, "max_quantity": null, "is_advertised": false, "is_campaign": false, "starting_at": "2025-01-30T00:00:00+00:00", "ending_at": "2025-08-30T00:00:00+00:00", "deposit": null, "compare_unit": "kg", "compare_unit_price": 44.88, "consumption_unit": null, "consumption_quantity": null}], "temperature_zone": null, "is_self_scale_item": false, "is_weight_item": false, "is_available_in_all_stores": true, "is_batch_item": false}
{"id": 108875, "name": "PASTA SAUCE", "underline": "480 GR. / REMA 1000", "age_limit": null, "hazard_precaution_statements": [], "labels": [{"id": 2, "name": "REMA1000", "image": "https://static-assets.digital.rema1000.dk/product/labels/2-64.webp"}], "description": null, "info": "", "images": [{"small": "https://rema-product-images.digital.rema1000.dk/108875/1-small-01q23Ekm97.webp", "medium": "https://rema-product-images.digital.rema1000.dk/108875/1-medium-01q23Ekm97.webp", "large": "https://rema-product-images.digital.rema1000.dk/108875/1-large-01q23Ekm97.webp"}], "prices": [{"price": 11.95, "price_over_max_quantity": null, "max_quantity": null, "is_advertised": false, "is_campaign": false, "starting_at": "2022-12-29T00:00:00+00:00", "ending_at": "2099-12-31T00:00:00+00:00", "deposit": null, "compare_unit": "kg", "compare_unit_price": 24.9, "consumption_unit": null, "consumption_quantity": null}], "temperature_zone": null, "is_self_scale_item": false, "is_weight_item": false, "is_available_in_all_stores": true, "is_batch_item": false}
{"id": 109006, "name": "KOLDPRESSET RAPSOLIE", "underline": "700 ML. / BORNHOLMSK", "age_limit": null, "hazard_precaution_statements": [], "labels": [{"id": 40, "name": "Nøglehul", "image": "https://static-assets.digital.rema1000.dk/product/labels/40-64.webp"}], "description": null, "info": "", "images": [{"small": "https://rema-product-images.digital.rema1000.dk/109006/1-small-vVory3NJP3.webp", "medium": "https://rema-product-images.digital.rema1000.dk/109006/1-medium-vVory3NJP3.webp", "large": "https://rema-product-images.digital.rema1000.dk/109006/1-large-vVory3NJP3.webp"}], "prices": [{"price": 32.95, "price_over_max_quantity": null, "max_quantity": null, "is_advertised": false, "is_campaign": false, "starting_at": "2024-02-15T00:00:00+00:00", "ending_at": "2099-12-31T00:00:00+00:00", "deposit": null, "compare_unit": "ltr", "compare_unit_price": 47.07, "consumption_unit": null, "consumption_quantity": null}], "temperature_zone": null, "is_self_scale_item": false, "is_weight_item": false, "is_available_in_all_stores": true, "is_batch_item": false}
{"id": 109083, "name": "REAL MAYONNAISE", "underline": "200 GR. / HELLMANN'S", "age_limit": null, "hazard_precaution_statements": [], "labels": [], "description": null, "info": "", "images": [{"small": "https://rema-product-images.digital.rema1000.dk/109083/1-small-zOPlG4J09R.webp", "medium": "https://rema-product-images.digital.rema1000.dk/109083/1-medium-zOPlG4J09R.webp", "large": "https://rema-product-images.digital.rema1000.dk/109083/1-large-zOPlG4J09R.webp"}], "prices": [{"price": 17.95, "price_over_max_quantity": null, "max_quantity": null, "is_advertised": false, "is_campaign": false, "starting_at": "2023-02-02T00:00:00+00:00", "ending_at": "2099-12-31T00:00:00+00:00", "deposit": null, "compare_unit": "kg", "compare_unit_price": 89.75, "consumption_unit": null, "consumption_quantity": null}], "temperature_zone": null, "is_self_scale_item": false, "is_weight_item": false, "is_available_in_all_stores": true, "is_batch_item": false}
{"id": 10914, "name": "ICETEA CITRON", "underline": "50 CL. / REMA 1000", "age_limit": null, "hazard_precaution_statements": [], "labels": [{"id": 2, "name": "REMA1000", "image": "https://static-assets.digital.rema1000.dk/product/labels/2-64.webp"}], "description": null, "info": "", "images": [{"small": "https://rema-product-images.digital.rema1000.dk/10914/1-small-3MovQ5wPAb.webp", "medium": "https://rema-product-images.digital.rema1000.dk/10914/1-medium-3MovQ5wPAb.webp", "large": "https://rema-product-images.digital.rema1000.dk/10914/1-large-3MovQ5wPAb.webp"}], "prices": [{"price": 5, "price_over_max_quantity": null, "max_quantity": null, "is_advertised": false, "is_campaign": false, "starting_at": "2023-05-22T00:00:00+00:00", "ending_at": "2099-12-31T00:00:00+00:00", "deposit": 1.5, "compare_unit": "ltr", "compare_unit_price": 10, "consumption_unit": null, "consumption_quantity": null}], "temperature_zone": null, "is_self_scale_item": false, "is_weight_item": false, "is_available_in_all_stores": true, "is_batch_item": false}
{"id": 10915, "name": "ICETEA FERSKENSMAG", "underline": "50 CL. / REMA 1000", "age_limit": null, "hazard_precaution_statements": [], "labels": [{"id": 2, "name": "REMA1000", "image": "https://static-assets.digital.rema1000.dk/product/labels/2-64.webp"}], "description": null, "info": "", "images": [{"small": "https://rema-product-images.digital.rema1000.dk/10915/1-small-KpqRv2XqLz.webp", "medium": "https://rema-product-images.digital.rema1000.dk/10915/1-medium-KpqRv2XqLz.webp", "large": "https://rema-product-images.digital.rema1000.dk/10915/1-large-KpqRv2XqLz.webp"}], "prices": [{"price": 5, "price_over_max_quantity": null, "max_quantity": null, "is_advertised": false, "is_campaign": false, "starting_at": "2023-05-22T00:00:00+00:00", "ending_at": "2099-12-31T00:00:00+00:00", "deposit": 1.5, "compare_unit": "ltr", "compare_unit_price": 10, "consumption_unit": null, "consumption_quantity": null}], "temperature_zone": null, "is_self_scale_item": false, "is_weight_item": false, "is_available_in_all_stores": true, "is_batch_item": false}
{"id": 110001, "name": "SANDWICH SPREAD", "underline": "415 GR. / ZESTY COOKING", "age_limit": null, "hazard_precaution_statements": [], "labels": [], "description": null, "info": "", "images": [{"small": "https://rema-product-images.digital.rema1000.dk/110001/1-small-ElPB1dz19k.webp", "medium": "https://rema-product-images.digital.rema1000.dk/110001/1-medium-ElPB1dz19k.webp", "large": "https://rema-product-images.digital.rema1000.dk/110001/1-large-ElPB1dz19k.webp"}], "prices": [{"price": 19.5, "price_over_max_quantity": null, "max_quantity": null, "is_advertised": false, "is_campaign": false, "starting_at": "2024-01-18T00:00:00+00:00", "ending_at": "2099-12-31T00:00:00+00:00", "deposit": null, "compare_unit": "kg", "compare_unit_price": 46.99, "consumption_unit": null, "consumption_quantity": null}], "temperature_zone": null, "is_self_scale_item": false, "is_weight_item": false, "is_available_in_all_stores": true, "is_batch_item": false}
{"id": 110016, "name": "CÆSAR DRESSING", "underline": "300 GR. / REMA 1000", "age_limit": null, "hazard_precaution_statements": [], "labels": [{"id": 2, "name": "REMA1000", "image": "https://static-assets.digital.rema1000.dk/product/labels/2-64.webp"}], "description": null, "info": "", "images": [{"small": "https://rema-product-images.digital.rema1000.dk/110016/1-small-6xqAzRY79D.webp", "medium": "https://rema-product-images.digital.rema1000.dk/110016/1-medium-6xqAzRY79D.webp", "large": "https://rema-product-images.digital.rema1000.dk/110016/1-large-6xqAzRY79D.webp"}], "prices": [{"price": 15.95, "price_over_max_quantity": null, "max_quantity": null, "is_advertised": false, "is_campaign": false, "starting_at": "2022-11-03T00:00:00+00:00", "ending_at": "2099-12-31T00:00:00+00:00", "deposit": null, "compare_unit": "kg", "compare_unit_price": 53.17, "consumption_unit": null, "consumption_quantity": null}], "temperature_zone": null, "is_self_scale_item": false, "is_weight_item": false, "is_available_in_all_stores": true, "is_batch_item": false}
{"id": 11002, "name": "ARLA KAKAO", "underline": "1 LTR. / LAKTOSEFRI", "age_limit": null, "hazard_precaution_statements": [], "labels": [{"id": 6, "name": "Økologi", "image": "https://static-assets.digital.rema1000.dk/product/labels/6-64.webp"}, {"id": 37, "name": "Laktose fri", "image": "https://static-assets.digital.rema1000.dk/product/labels/37-64.webp"}], "description": null, "info": "", "images": [{"small": "https://rema-product-images.digital.rema1000.dk/11002/1-small-kAonNEMox8.webp", "medium": "https://rema-product-images.digital.rema1000.dk/11002/1-medium-kAonNEMox8.webp", "large": "https://rema-product-images.digital.rema1000.dk/11002/1-large-kAonNEMox8.webp"}, {"small": "https://rema-product-images.digital.rema1000.dk/11002/2-small-kAonNEMox8.webp", "medium": "https://rema-product-images.digital.rema1000.dk/11002/2-medium-kAonNEMox8.webp", "large": "https://rema-product-images.digital.rema1000.dk/11002/2-large-kAonNEMox8.webp"}], "prices": [{"price": 18.5, "price_over_max_quantity": null, "max_quantity": null, "is_advertised": false, "is_campaign": false, "starting_at": "2025-02-03T00:00:00+00:00", "ending_at": "2099-12-31T00:00:00+00:00", "deposit": null, "compare_unit": "ltr", "compare_unit_price": 18.5, "consumption_unit": null, "consumption_quantity": null}], "temperature_zone": "refrigerated_5_degrees_celsius", "is_self_scale_item": false, "is_weight_item": false, "is_available_in_all_stores": true, "is_batch_item": false}
{"id": 110023, "name": "CHEDDAR/CHILI MAYO", "underline": "210 GR. / REMA 1000", "age_limit": null, "hazard_precaution_statements": [], "labels": [{"id": 2, "name": "REMA1000", "image": "https://static-assets.digital.rema1000.dk/product/labels/2-64.webp"}], "description": null, "info": "", "images": [{"small": "https://rema-product-images.digital.rema1000.dk/110023/1-small-MNqZn601qA.webp", "medium": "https://rema-product-images.digital.rema1000.dk/110023/1-medium-MNqZn601qA.webp", "large": "https://rema-product-images.digital.rema1000.dk/110023/1-large-MNqZn601qA.webp"}], "prices": [{"price": 13.95, "price_over_max_quantity": null, "max_quantity": null, "is_advertised": false, "is_campaign": false, "starting_at": "2025-03-27T00:00:00+00:00", "ending_at": "2099-12-31T00:00:00+00:00", "deposit": null, "compare_unit": "kg", "compare_unit_price": 66.43, "consumption_unit": null, "consumption_quantity": null}], "temperature_zone": null, "is_self_scale_item": false, "is_weight_item": false, "is_available_in_all_stores": true, "is_batch_item": false}
{"id": 110025, "name": "MAYO M/BEARNAISE", "underline": "210 GR. / REMA 1000", "age_limit": null, "hazard_precaution_statements": [], "labels": [{"id": 2, "name": "REMA1000", "image": "https://static-assets.digital.rema1000.dk/product/labels/2-64.webp"}], "description": "Vores mayo med bearnaisesmag er god som dip og dressing.<br />", "info": "", "images": [{"small": "https://rema-product-images.digital.rema1000.dk/110025/1-small-Ea91ZD8YPz.webp", "medium": "https://rema-product-images.digital.rema1000.dk/110025/1-medium-Ea91ZD8YPz.webp", "large": "https://rema-product-images.digital.rema1000.dk/110025/1-large-Ea91ZD8YPz.webp"}], "prices": [{"price": 13.95, "price_over_max_quantity": null, "max_quantity": null, "is_advertised": false, "is_campaign": false, "starting_at": "2025-03-27T00:00:00+00:00", "ending_at": "2099-12-31T00:00:00+00:00", "deposit": null, "compare_unit": "kg", "compare_unit_price": 66.43, "consumption_unit": null, "consumption_quantity": null}], "temperature_zone": null, "is_self_scale_item": false, "is_weight_item": false, "is_available_in_all_stores": true, "is_batch_item": false}
{"id": 110032, "name": "BEARNAISE SAUCE", "underline": "66 GR. / KNORR", "age_limit": null, "hazard_precaution_statements": [], "labels": [], "description": null, "info": "", "images": [{"small": "https://rema-product-images.digital.rema1000.dk/110032/1-small-nDPWJ6gK9W.webp", "medium": "https://rema-product-images.digital.rema1000.dk/110032/1-medium-nDPWJ6gK9W.webp", "large": "https://rema-product-images.digital.rema1000.dk/110032/1-large-nDPWJ6gK9W.webp"}], "prices": [{"price": 25.95, "price_over_max_quantity": null, "max_quantity": null, "is_advertised": false, "is_campaign": false, "starting_at": "2025-07-31T00:00:00+00:00", "ending_at": "2025-09-10T00:00:00+00:00", "deposit": null, "compare_unit": "kg", "compare_unit_price": 393.18, "consumption_unit": null, "consumption_quantity": null}], "temperature_zone": null, "is_self_scale_item": false, "is_weight_item": false, "is_available_in_all_stores": true, "is_batch_item": false}
{"id": 110034, "name": "SAUCE HOLLANDAISE", "underline": "66 GR. / KNORR", "age_limit": null, "hazard_precaution_statements": [], "labels": [], "description": null, "info": "", "images": [{"small": "https://rema-product-images.digital.rema1000.dk/110034/1-small-yLqGaxOZPd.webp", "medium": "https://rema-product-images.digital.rema1000.dk/110034/1-medium-yLqGaxOZPd.webp", "large": "https://rema-product-images.digital.rema1000.dk/110034/1-large-yLqGaxOZPd.webp"}], "prices": [{"price": 25.95, "price_over_max_quantity": null, "max_quantity": null, "is_advertised": false, "is_campaign": false, "starting_at": "2025-07-31T00:00:00+00:00", "ending_at": "2025-09-10T00:00:00+00:00", "deposit": null, "compare_unit": "kg", "compare_unit_price": 393.18, "consumption_unit": null, "consumption_quantity": null}], "temperature_zone": null, "is_self_scale_item": false, "is_weight_item": false, "is_available_in_all_stores": true, "is_batch_item": false}
{"id": 110045, "name": "EKS. JOMF.OLIVENOLIE", "underline": "500 ML. / IL CASOLARE, ØKOLOGISK", "age_limit": null, "hazard_precaution_statements": [], "labels": [{"id": 5, "name": "Økologi", "image": "https://static-assets.digital.rema1000.dk/product/labels/5-64.webp"}, {"id": 40, "name": "Nøglehul", "image": "https://static-assets.digital.rema1000.dk/product/labels/40-64.webp"}], "description": null, "info": "", "images": [{"small": "https://rema-product-images.digital.rema1000.dk/110045/1-small-ElPB1dX19k.webp", "medium": "https://rema-product-images.digital.rema1000.dk/110045/1-medium-ElPB1dX19k.webp", "large": "https://rema-product-images.digital.rema1000.dk/110045/1-large-ElPB1dX19k.webp"}], "prices": [{"price": 73.95, "price_over_max_quantity": null, "max_quantity": null, "is_advertised": false, "is_campaign": false, "starting_at": "2025-01-16T00:00:00+00:00", "ending_at": "2099-12-31T00:00:00+00:00", "deposit": null, "compare_unit": "ltr", "compare_unit_price": 147.9, "consumption_unit": null, "consumption_quantity": null}], "temperature_zone": null, "is_self_scale_item": false, "is_weight_item": false, "is_available_in_all_stores": true, "is_batch_item": false}
{"id": 110050, "name": "MADKULØR", "underline": "200 ML. / REMA 1000", "age_limit": null, "hazard_precaution_statements": [], "labels": [{"id": 2, "name": "REMA1000", "image": "https://static-assets.digital.rema1000.dk/product/labels/2-64.webp"}], "description": null, "info": "", "images": [{"small": "https://rema-product-images.digital.rema1000.dk/110050/1-small-vVory3Z8P3.webp", "medium": "https://rema-product-images.digital.rema1000.dk/110050/1-medium-vVory3Z8P3.webp", "large": "https://rema-product-images.digital.rema1000.dk/110050/1-large-vVory3Z8P3.webp"}], "prices": [{"price": 9.25, "price_over_max_quantity": null, "max_quantity": null, "is_advertised": false, "is_campaign": false, "starting_at": "2024-11-21T00:00:00+00:00", "ending_at": "2099-12-31T00:00:00+00:00", "deposit": null, "compare_unit": "ltr", "compare_unit_price": 46.25, "consumption_unit": null, "consumption_quantity": null}], "temperature_zone": null, "is_self_scale_item": false, "is_weight_item": false, "is_available_in_all_stores": true, "is_batch_item": false}
{"id": 110052, "name": "SWEET CHILI THAI", "underline": "430 GR. / REMA 1000 DRESSING", "age_limit": null, "hazard_precaution_statements": [], "labels": [{"id": 2, "name": "REMA1000", "image": "https://static-assets.digital.rema1000.dk/product/labels/2-64.webp"}], "description": "<b>Discount med holdning</b><br />I REMA 1000 har vi fokus på kvalitet til lave priser og overskriften på vores arbejde er Discount med holdning.<br />  <br />Vi har en klar holdning til alle de varer, vi sælger. Vi stiller ikke kun krav til kvaliteten af vores egne mærkevarer – det er også vigtigt for os, at emballagerne er designet til genanvendelse, at indholdet er uden problematiske stoffer, og at varerne er produceret ansvarligt samt mærket med tydelige og valide certificeringer.<br /><br /><b>Om denne vare</b><br />REMA 1000 sweet chili thai-dressing, er en sød chilidressing, som passer særligt godt til asiatiske retter. Fx asiatiske salater og vietnamesiske forårsruller.", "info": "", "images": [{"small": "https://rema-product-images.digital.rema1000.dk/110052/1-small-NpP7k2BDPO.webp", "medium": "https://rema-product-images.digital.rema1000.dk/110052/1-medium-NpP7k2BDPO.webp", "large": "https://rema-product-images.digital.rema1000.dk/110052/1-large-NpP7k2BDPO.webp"}], "prices": [{"price": 12.5, "price_over_max_quantity": null, "max_quantity": null, "is_advertised": false, "is_campaign": false, "starting_at": "2022-11-10T00:00:00+00:00", "ending_at": "2099-12-31T00:00:00+00:00", "deposit": null, "compare_unit": "kg", "compare_unit_price": 29.07, "consumption_unit": null, "consumption_quantity": null}], "temperature_zone": null, "is_self_scale_item": false, "is_weight_item": false, "is_available_in_all_stores": true, "is_batch_item": false}
{"id": 110064, "name": "TOMATPURÉ", "underline": "200 GR. / REMA 1000", "age_limit": null, "hazard_precaution_statements": [], "labels": [{"id": 2, "name": "REMA1000", "image": "https://static-assets.digital.rema1000.dk/product/labels/2-64.webp"}, {"id": 5, "name": "Økologi", "image": "https://static-assets.digital.rema1000.dk/product/labels/5-64.webp"}, {"id": 40, "name": "Nøglehul", "image": "https://static-assets.digital.rema1000.dk/product/labels/40-64.webp"}], "description": null, "info": "", "images": [{"small": "https://rema-product-images.digital.rema1000.dk/110064/1-small-AKqebe0O9p.webp", "medium": "https://rema-product-images.digital.rema1000.dk/110064/1-medium-AKqebe0O9p.webp", "large": "https://rema-product-images.digital.rema1000.dk/110064/1-large-AKqebe0O9p.webp"}], "prices": [{"price": 12.95, "price_over_max_quantity": null, "max_quantity": null, "is_advertised": false, "is_campaign": false, "starting_at": "2022-04-14T00:00:00+00:00", "ending_at": "2099-12-31T00:00:00+00:00", "deposit": null, "compare_unit": "kg", "compare_unit_price": 64.75, "consumption_unit": null, "consumption_quantity": null}], "temperature_zone": null, "is_self_scale_item": false, "is_weight_item": false, "is_available_in_all_stores": true, "is_batch_item": false}
{"id": 110067, "name": "CITRONSAFT", "underline": "200 ML. / POLENGHI", "age_limit": null, "hazard_precaution_statements": [], "labels": [], "description": null, "info": "", "images": [{"small": "https://rema-product-images.digital.rema1000.dk/110067/1-small-MNqZn6L1qA.webp", "medium": "https://rema-product-images.digital.rema1000.dk/110067/1-medium-MNqZn6L1qA.webp", "large": "https://rema-product-images.digital.rema1000.dk/110067/1-large-MNqZn6L1qA.webp"}], "prices": [{"price": 4.95, "price_over_max_quantity": null, "max_quantity": null, "is_advertised": false, "is_campaign": false, "starting_at": "2021-10-07T00:00:00+00:00", "ending_at": "2099-12-31T00:00:00+00:00", "deposit": null, "compare_unit": "ltr", "compare_unit_price": 24.75, "consumption_unit": null, "consumption_quantity": null}], "temperature_zone": null, "is_self_scale_item": false, "is_weight_item": false, "is_available_in_all_stores": true, "is_batch_item": false}
{"id": 110070, "name": "HOTDOG KETCHUP", "underline": "375 GR. / GRAASTEN", "age_limit": null, "hazard_precaution_statements": [], "labels": [], "description": null, "info": "", "images": [{"small": "https://rema-product-images.digital.rema1000.dk/110070/1-small-kOq3bmGJo6.webp", "medium": "https://rema-product-images.digital.rema1000.dk/110070/1-medium-kOq3bmGJo6.webp", "large": "https://rema-product-images.digital.rema1000.dk/110070/1-large-kOq3bmGJo6.webp"}], "prices": [{"price": 18.95, "price_over_max_quantity": null, "max_quantity": null, "is_advertised": false, "is_campaign": false, "starting_at": "2023-02-02T00:00:00+00:00", "ending_at": "2025-10-01T00:00:00+00:00", "deposit": null, "compare_unit": "kg", "compare_unit_price": 50.53, "consumption_unit": null, "consumption_quantity": null}], "temperature_zone": null, "is_self_scale_item": false, "is_weight_item": false, "is_available_in_all_stores": true, "is_batch_item": false}
{"id": 110082, "name": "FRANSK DRESSING", "underline": "425 GR. / GRAASTEN", "age_limit": null, "hazard_precaution_statements": [], "labels": [], "description": null, "info": "", "images": [{"small": "https://rema-product-images.digital.rema1000.dk/110082/1-small-MBoNnadWov.webp", "medium": "https://rema-product-images.digital.rema1000.dk/110082/1-medium-MBoNnadWov.webp", "large": "https://rema-product-images.digital.rema1000.dk/110082/1-large-MBoNnadWov.webp"}], "prices": [{"price": 19.95, "price_over_max_quantity": null, "max_quantity": null, "is_advertised": false, "is_campaign": false, "starting_at": "2025-01-02T00:00:00+00:00", "ending_at": "2025-10-01T00:00:00+00:00", "deposit": null, "compare_unit": "kg", "compare_unit_price": 46.94, "consumption_unit": null, "consumption_quantity": null}], "temperature_zone": null, "is_self_scale_item": false, "is_weight_item": false, "is_available_in_all_stores": true, "is_batch_item": false}
{"id": 110084, "name": "POMMES FRITES SAUCE", "underline": "425 GR. / GRAASTEN", "age_limit": null, "hazard_precaution_statements": [], "labels": [], "description": null, "info": "", "images": [{"small": "https://rema-product-images.digital.rema1000.dk/110084/1-small-rQqQlbOxoe.webp", "medium": "https://rema-product-images.digital.rema1000.dk/110084/1-medium-rQqQlbOxoe.webp", "large": "https://rema-product-images.digital.rema1000.dk/110084/1-large-rQqQlbOxoe.webp"}], "prices": [{"price": 19.95, "price_over_max_quantity": null, "max_quantity": null, "is_advertised": false, "is_campaign": false, "starting_at": "2025-01-02T00:00:00+00:00", "ending_at": "2025-10-01T00:00:00+00:00", "deposit": null, "compare_unit": "kg", "compare_unit_price": 46.94, "consumption_unit": null, "consumption_quantity": null}], "temperature_zone": null, "is_self_scale_item": false, "is_weight_item": false, "is_available_in_all_stores": true, "is_batch_item": false}
{"id": 110119, "name": "POMMES FRITES", "underline": "380 GR. / DRESSING", "age_limit": null, "hazard_precaution_statements": [], "labels": [], "description": null, "info": "", "images": [{"small": "https://rema-product-images.digital.rema1000.dk/110119/1-small-rDq6Dk7OPb.webp", "medium": "https://rema-product-images.digital.rema1000.dk/110119/1-medium-rDq6Dk7OPb.webp", "large": "https://rema-product-images.digital.rema1000.dk/110119/1-large-rDq6Dk7OPb.webp"}], "prices": [{"price": 15, "price_over_max_quantity": null, "max_quantity": null, "is_advertised": false, "is_campaign": false, "starting_at": "2025-08-20T00:00:00+00:00", "ending_at": "2025-11-15T00:00:00+00:00", "deposit": null, "compare_unit": "kg", "compare_unit_price": 39.47, "consumption_unit": null, "consumption_quantity": null}], "temperature_zone": null, "is_self_scale_item": false, "is_weight_item": false, "is_available_in_all_stores": true, "is_batch_item": true}
{"id": 110120, "name": "FRENCHDOG DRESSING", "underline": "380 GR. / BÄHNCKE", "age_limit": null, "hazard_precaution_statements": [], "labels": [], "description": null, "info": "", "images": [{"small": "https://rema-product-images.digital.rema1000.dk/110120/1-small-AKqebepZ9p.webp", "medium": "https://rema-product-images.digital.rema1000.dk/110120/1-medium-AKqebepZ9p.webp", "large": "https://rema-product-images.digital.rema1000.dk/110120/1-large-AKqebepZ9p.webp"}], "prices": [{"price": 15, "price_over_max_quantity": null, "max_quantity": null, "is_advertised": false, "is_campaign": false, "starting_at": "2025-08-20T00:00:00+00:00", "ending_at": "2025-11-15T00:00:00+00:00", "deposit": null, "compare_unit": "kg", "compare_unit_price": 39.47, "consumption_unit": null, "consumption_quantity": null}], "temperature_zone": null, "is_self_scale_item": false, "is_weight_item": false, "is_available_in_all_stores": true, "is_batch_item": true}
{"id": 110123, "name": "BURGER DRESSING", "underline": "400 GR. / BÄHNCKE", "age_limit": null, "hazard_precaution_statements": [], "labels": [], "description": null, "info": "", "images": [{"small": "https://rema-product-images.digital.rema1000.dk/110123/1-small-MNqZn6rWqA.webp", "medium": "https://rema-product-images.digital.rema1000.dk/110123/1-medium-MNqZn6rWqA.webp", "large": "https://rema-product-images.digital.rema1000.dk/110123/1-large-MNqZn6rWqA.webp"}], "prices": [{"price": 15, "price_over_max_quantity": null, "max_quantity": null, "is_advertised": false, "is_campaign": false, "starting_at": "2025-08-20T00:00:00+00:00", "ending_at": "2025-11-15T00:00:00+00:00", "deposit": null, "compare_unit": "kg", "compare_unit_price": 37.5, "consumption_unit": null, "consumption_quantity": null}], "temperature_zone": null, "is_self_scale_item": false, "is_weight_item": false, "is_available_in_all_stores": true, "is_batch_item": true}
{"id": 110129, "name": "SENNEP", "underline": "400 GR. / REMA 1000", "age_limit": null, "hazard_precaution_statements": [], "labels": [{"id": 2, "name": "REMA1000", "image": "https://static-assets.digital.rema1000.dk/product/labels/2-64.webp"}], "description": "<b>Discount med holdning</b><br />I REMA 1000 har vi fokus på kvalitet til lave priser og overskriften på vores arbejde er Discount med holdning.<br />  <br />Vi har en klar holdning til alle de varer, vi sælger. Vi stiller ikke kun krav til kvaliteten af vores egne mærkevarer – det er også vigtigt for os, at emballagerne er designet til genanvendelse, at indholdet er uden problematiske stoffer, og at varerne er produceret ansvarligt samt mærket med tydelige og valide certificeringer.<br /><br /><b>Om denne vare</b><br />REMA 1000 sennep smager lige som en klassisk sennep skal - krydret og med en afstemt sennepssmag. REMA 1000 sennep er god til en grillet pølse, marinade eller til en sennepsdressing.", "info": "", "images": [{"small": "https://rema-product-images.digital.rema1000.dk/110129/1-small-pYqxnzL5P1.webp", "medium": "https://rema-product-images.digital.rema1000.dk/110129/1-medium-pYqxnzL5P1.webp", "large": "https://rema-product-images.digital.rema1000.dk/110129/1-large-pYqxnzL5P1.webp"}], "prices": [{"price": 8.95, "price_over_max_quantity": null, "max_quantity": null, "is_advertised": false, "is_campaign": false, "starting_at": "2024-01-04T00:00:00+00:00", "ending_at": "2099-12-31T00:00:00+00:00", "deposit": null, "compare_unit": "kg", "compare_unit_price": 22.38, "consumption_unit": null, "consumption_quantity": null}], "temperature_zone": null, "is_self_scale_item": false, "is_weight_item": false, "is_available_in_all_stores": true, "is_batch_item": false}
{"id": 110132, "name": "USØDET KETCHUP", "underline": "400 ML. / HEINZ", "age_limit": null, "hazard_precaution_statements": [], "labels": [], "description": null, "info": "", "images": [{"small": "https://rema-product-images.digital.rema1000.dk/110132/1-small-nDPWJ64p9W.webp", "medium": "https://rema-product-images.digital.rema1000.dk/110132/1-medium-nDPWJ64p9W.webp", "large": "https://rema-product-images.digital.rema1000.dk/110132/1-large-nDPWJ64p9W.webp"}], "prices": [{"price": 20, "price_over_max_quantity": null, "max_quantity": null, "is_advertised": false, "is_campaign": false, "starting_at": "2025-08-07T00:00:00+00:00", "ending_at": "2025-11-15T00:00:00+00:00", "deposit": null, "compare_unit": "ltr", "compare_unit_price": 50, "consumption_unit": null, "consumption_quantity": null}], "temperature_zone": null, "is_self_scale_item": false, "is_weight_item": false, "is_available_in_all_stores": true, "is_batch_item": true}
{"id": 110155, "name": "EKS. JOMFRU OLIVENOLIE", "underline": "750 ML. / REMA 1000", "age_limit": null, "hazard_precaution_statements": [], "labels": [{"id": 2, "name": "REMA1000", "image": "https://static-assets.digital.rema1000.dk/product/labels/2-64.webp"}, {"id": 40, "name": "Nøglehul", "image": "https://static-assets.digital.rema1000.dk/product/labels/40-64.webp"}], "description": "<b>Discount med holdning</b><br />I REMA 1000 har vi fokus på kvalitet til lave priser og overskriften på vores arbejde er Discount med holdning.<br />  <br />Vi har en klar holdning til alle de varer, vi sælger. Vi stiller ikke kun krav til kvaliteten af vores egne mærkevarer – det er også vigtigt for os, at emballagerne er designet til genanvendelse, at indholdet er uden problematiske stoffer, og at varerne er produceret ansvarligt samt mærket med tydelige og valide certificeringer.<br /><br /><b>Om denne vare</b><br />REMA 1000 ekstra jomfruolivenolie fra Spanien er udvundet direkte af oliven og er af bedste kvalitet. Olivenolien er god til stegning, bagning og dressinger.", "info": "", "images": [{"small": "https://rema-product-images.digital.rema1000.dk/110155/1-small-A5qVzAp1qa.webp", "medium": "https://rema-product-images.digital.rema1000.dk/110155/1-medium-A5qVzAp1qa.webp", "large": "https://rema-product-images.digital.rema1000.dk/110155/1-large-A5qVzAp1qa.webp"}], "prices": [{"price": 62.95, "price_over_max_quantity": null, "max_quantity": null, "is_advertised": false, "is_campaign": false, "starting_at": "2025-01-16T00:00:00+00:00", "ending_at": "2099-12-31T00:00:00+00:00", "deposit": null, "compare_unit": "ltr", "compare_unit_price": 83.93, "consumption_unit": null, "consumption_quantity": null}], "temperature_zone": null, "is_self_scale_item": false, "is_weight_item": false, "is_available_in_all_stores": true, "is_batch_item": false}
{"id": 110156, "name": "DIJON SENNEP", "underline": "370 GR. / BORNIER", "age_limit": null, "hazard_precaution_statements": [], "labels": [], "description": null, "info": "", "images": [{"small": "https://rema-product-images.digital.rema1000.dk/110156/1-small-18oXzd6E9k.webp", "medium": "https://rema-product-images.digital.rema1000.dk/110156/1-medium-18oXzd6E9k.webp", "large": "https://rema-product-images.digital.rema1000.dk/110156/1-large-18oXzd6E9k.webp"}], "prices": [{"price": 12.95, "price_over_max_quantity": null, "max_quantity": null, "is_advertised": false, "is_campaign": false, "starting_at": "2023-02-02T00:00:00+00:00", "ending_at": "2099-12-31T00:00:00+00:00", "deposit": null, "compare_unit": "kg", "compare_unit_price": 35, "consumption_unit": null, "consumption_quantity": null}], "temperature_zone": null, "is_self_scale_item": false, "is_weight_item": false, "is_available_in_all_stores": true, "is_batch_item": false}
{"id": 110289, "name": "RISTEDE LØG", "underline": "100 GR. / REMA 1000, ØKOLOGISKE", "age_limit": null, "hazard_precaution_statements": [], "labels": [{"id": 2, "name": "REMA1000", "image": "https://static-assets.digital.rema1000.dk/product/labels/2-64.webp"}, {"id": 5, "name": "Økologi", "image": "https://static-assets.digital.rema1000.dk/product/labels/5-64.webp"}], "description": null, "info": "", "images": [{"small": "https://rema-product-images.digital.rema1000.dk/110289/1-small-ElPB1dVb9k.webp", "medium": "https://rema-product-images.digital.rema1000.dk/110289/1-medium-ElPB1dVb9k.webp", "large": "https://rema-product-images.digital.rema1000.dk/110289/1-large-ElPB1dVb9k.webp"}], "prices": [{"price": 9.95, "price_over_max_quantity": null, "max_quantity": null, "is_advertised": false, "is_campaign": false, "starting_at": "2023-01-05T00:00:00+00:00", "ending_at": "2099-12-31T00:00:00+00:00", "deposit": null, "compare_unit": "kg", "compare_unit_price": 99.5, "consumption_unit": null, "consumption_quantity": null}], "temperature_zone": null, "is_self_scale_item": false, "is_weight_item": false, "is_available_in_all_stores": true, "is_batch_item": false}
{"id": 110299, "name": "ORIGINAL SPICE KETCHUP", "underline": "300 ML. / HELA", "age_limit": null, "hazard_precaution_statements": [], "labels": [], "description": null, "info": "", "images": [{"small": "https://rema-product-images.digital.rema1000.dk/110299/1-small-A5qVzA2aqa.webp", "medium": "https://rema-product-images.digital.rema1000.dk/110299/1-medium-A5qVzA2aqa.webp", "large": "https://rema-product-images.digital.rema1000.dk/110299/1-large-A5qVzA2aqa.webp"}], "prices": [{"price": 15.5, "price_over_max_quantity": null, "max_quantity": null, "is_advertised": false, "is_campaign": false, "starting_at": "2023-01-26T00:00:00+00:00", "ending_at": "2099-12-31T00:00:00+00:00", "deposit": null, "compare_unit": "ltr", "compare_unit_price": 51.67, "consumption_unit": null, "consumption_quantity": null}], "temperature_zone": null, "is_self_scale_item": false, "is_weight_item": false, "is_available_in_all_stores": false, "is_batch_item": false}
{"id": 110325, "name": "TOMAT PASSATA", "underline": "500 GR. / REMA 1000", "age_limit": null, "hazard_precaution_statements": [], "labels": [{"id": 2, "name": "REMA1000", "image": "https://static-assets.digital.rema1000.dk/product/labels/2-64.webp"}, {"id": 40, "name": "Nøglehul", "image": "https://static-assets.digital.rema1000.dk/product/labels/40-64.webp"}], "description": "<b>Discount med holdning</b><br />I REMA 1000 har vi fokus på kvalitet til lave priser og overskriften på vores arbejde er Discount med holdning.<br />  <br />Vi har en klar holdning til alle de varer, vi sælger. Vi stiller ikke kun krav til kvaliteten af vores egne mærkevarer – det er også vigtigt for os, at emballagerne er designet til genanvendelse, at indholdet er uden problematiske stoffer, og at varerne er produceret ansvarligt samt mærket med tydelige og valide certificeringer.<br /><br /><b>Om denne vare</b><br />REMA 1000 tomat passata er purerende italienske tomater, med en sød smag og cremet konsistens. Denne tomat passata giver derfor din pasta, suppe eller sauce en sød og cremet smag.", "info": "", "images": [{"small": "https://rema-product-images.digital.rema1000.dk/110325/1-small-Ea91ZDXxPz.webp", "medium": "https://rema-product-images.digital.rema1000.dk/110325/1-medium-Ea91ZDXxPz.webp", "large": "https://rema-product-images.digital.rema1000.dk/110325/1-large-Ea91ZDXxPz.webp"}], "prices": [{"price": 8.5, "price_over_max_quantity": null, "max_quantity": null, "is_advertised": false, "is_campaign": false, "starting_at": "2022-10-06T00:00:00+00:00", "ending_at": "2099-12-31T00:00:00+00:00", "deposit": null, "compare_unit": "kg", "compare_unit_price": 17, "consumption_unit": null, "consumption_quantity": null}], "temperature_zone": null, "is_self_scale_item": false, "is_weight_item": false, "is_available_in_all_stores": true, "is_batch_item": false}
{"id": 110326, "name": "SØD FRANSK SENNEP", "underline": "400 GR. / REMA 1000", "age_limit": null, "hazard_precaution_statements": [], "labels": [{"id": 2, "name": "REMA1000", "image": "https://static-assets.digital.rema1000.dk/product/labels/2-64.webp"}], "description": "<b>Discount med holdning</b><br />I REMA 1000 har vi fokus på kvalitet til lave priser og overskriften på vores arbejde er Discount med holdning.<br />  <br />Vi har en klar holdning til alle de varer, vi sælger. Vi stiller ikke kun krav til kvaliteten af vores egne mærkevarer – det er også vigtigt for os, at emballagerne er designet til genanvendelse, at indholdet er uden problematiske stoffer, og at varerne er produceret ansvarligt samt mærket med tydelige og valide certificeringer.<br /><br /><b>Om denne vare</b><br />REMA 1000 sød fransk sennep smager lige som en sød sennep skal - mild, krydret og med en sød smag af sennep. REMA 1000 sød fransk sennep er god til en grillet pølse eller til en sennepsdressing.", "info": "", "images": [{"small": "https://rema-product-images.digital.rema1000.dk/110326/1-small-kOq3bmA5o6.webp", "medium": "https://rema-product-images.digital.rema1000.dk/110326/1-medium-kOq3bmA5o6.webp", "large": "https://rema-product-images.digital.rema1000.dk/110326/1-large-kOq3bmA5o6.webp"}], "prices": [{"price": 9.5, "price_over_max_quantity": null, "max_quantity": null, "is_advertised": false, "is_campaign": false, "starting_at": "2024-01-04T00:00:00+00:00", "ending_at": "2099-12-31T00:00:00+00:00", "deposit": null, "compare_unit": "kg", "compare_unit_price": 23.75, "consumption_unit": null, "consumption_quantity": null}], "temperature_zone": null, "is_self_scale_item": false, "is_weight_item": false, "is_available_in_all_stores": true, "is_batch_item": false}
{"id": 110329, "name": "FLÅEDE TOMATER", "underline": "400 GR. / REMA 1000, ØKOLOGISKE", "age_limit": null, "hazard_precaution_statements": [], "labels": [{"id": 2, "name": "REMA1000", "image": "https://static-assets.digital.rema1000.dk/product/labels/2-64.webp"}, {"id": 5, "name": "Økologi", "image": "https://static-assets.digital.rema1000.dk/product/labels/5-64.webp"}, {"id": 40, "name": "Nøglehul", "image": "https://static-assets.digital.rema1000.dk/product/labels/40-64.webp"}], "description": "<b>Discount med holdning</b><br />I REMA 1000 har vi fokus på kvalitet til lave priser og overskriften på vores arbejde er Discount med holdning.<br />  <br />Vi har en klar holdning til alle de varer, vi sælger. Vi stiller ikke kun krav til kvaliteten af vores egne mærkevarer – det er også vigtigt for os, at emballagerne er designet til genanvendelse, at indholdet er uden problematiske stoffer, og at varerne er produceret ansvarligt samt mærket med tydelige og valide certificeringer.<br /><br /><b>Om denne vare</b><br />REMA 1000 økologiske flåede tomater er lavet af tomater fra Italien. Disse flåede tomater har en sød og syrlig smag, og er derfor velegnet som smagsforstærker til blandt andet lasagne, kødsovs, pastaretter og meget andet.", "info": "", "images": [{"small": "https://rema-product-images.digital.rema1000.dk/110329/1-small-pYqxnz18P1.webp", "medium": "https://rema-product-images.digital.rema1000.dk/110329/1-medium-pYqxnz18P1.webp", "large": "https://rema-product-images.digital.rema1000.dk/110329/1-large-pYqxnz18P1.webp"}], "prices": [{"price": 5.95, "price_over_max_quantity": null, "max_quantity": null, "is_advertised": false, "is_campaign": false, "starting_at": "2023-10-19T00:00:00+00:00", "ending_at": "2099-12-31T00:00:00+00:00", "deposit": null, "compare_unit": "kg", "compare_unit_price": 14.88, "consumption_unit": null, "consumption_quantity": null}], "temperature_zone": null, "is_self_scale_item": false, "is_weight_item": false, "is_available_in_all_stores": true, "is_batch_item": false}
{"id": 110421, "name": "ARFMANNS SENNEP", "underline": "250 GR. / BÄHNCKE", "age_limit": null, "hazard_precaution_statements": [], "labels": [], "description": null, "info": "", "images": [{"small": "https://rema-product-images.digital.rema1000.dk/110421/1-small-bJ9YaXaW9L.webp", "medium": "https://rema-product-images.digital.rema1000.dk/110421/1-medium-bJ9YaXaW9L.webp", "large": "https://rema-product-images.digital.rema1000.dk/110421/1-large-bJ9YaXaW9L.webp"}], "prices": [{"price": 22.95, "price_over_max_quantity": null, "max_quantity": null, "is_advertised": false, "is_campaign": false, "starting_at": "2025-01-30T00:00:00+00:00", "ending_at": "2025-08-20T00:00:00+00:00", "deposit": null, "compare_unit": "kg", "compare_unit_price": 91.8, "consumption_unit": null, "consumption_quantity": null}], "temperature_zone": null, "is_self_scale_item": false, "is_weight_item": false, "is_available_in_all_stores": true, "is_batch_item": false}
{"id": 110422, "name": "TAFFEL SENNEP", "underline": "250 GR. / BÄHNCKE", "age_limit": null, "hazard_precaution_statements": [], "labels": [], "description": null, "info": "", "images": [{"small": "https://rema-product-images.digital.rema1000.dk/110422/1-small-pyozdGdz9X.webp", "medium": "https://rema-product-images.digital.rema1000.dk/110422/1-medium-pyozdGdz9X.webp", "large": "https://rema-product-images.digital.rema1000.dk/110422/1-large-pyozdGdz9X.webp"}], "prices": [{"price": 22.95, "price_over_max_quantity": null, "max_quantity": null, "is_advertised": false, "is_campaign": false, "starting_at": "2025-01-30T00:00:00+00:00", "ending_at": "2025-08-20T00:00:00+00:00", "deposit": null, "compare_unit": "kg", "compare_unit_price": 91.8, "consumption_unit": null, "consumption_quantity": null}], "temperature_zone": null, "is_self_scale_item": false, "is_weight_item": false, "is_available_in_all_stores": true, "is_batch_item": false}
{"id": 110439, "name": "KETCHUP", "underline": "500 GR. / BEAUVAIS", "age_limit": null, "hazard_precaution_statements": [], "labels": [], "description": "Beauvais tomatketchup er vores originale kvalitetsketchup med masser af solmodne tomater. Til 1 kg tomatketchup bruger vi hele 1,6 kg tomater. Beauvais tomatketchup byder på en sødlig, fyldig og velkrydret original smag<br />", "info": "", "images": [{"small": "https://rema-product-images.digital.rema1000.dk/110439/1-small-zOPlGeGB9R.webp", "medium": "https://rema-product-images.digital.rema1000.dk/110439/1-medium-zOPlGeGB9R.webp", "large": "https://rema-product-images.digital.rema1000.dk/110439/1-large-zOPlGeGB9R.webp"}], "prices": [{"price": 22.5, "price_over_max_quantity": null, "max_quantity": null, "is_advertised": false, "is_campaign": false, "starting_at": "2023-11-30T00:00:00+00:00", "ending_at": "2025-08-20T00:00:00+00:00", "deposit": null, "compare_unit": "kg", "compare_unit_price": 45, "consumption_unit": null, "consumption_quantity": null}], "temperature_zone": null, "is_self_scale_item": false, "is_weight_item": false, "is_available_in_all_stores": true, "is_batch_item": false}
{"id": 11046, "name": "RIBENA", "underline": "85 CL. / SOLBÆR", "age_limit": null, "hazard_precaution_statements": [], "labels": [], "description": null, "info": "", "images": [{"small": "https://rema-product-images.digital.rema1000.dk/11046/1-small-kAonNYMox8.webp", "medium": "https://rema-product-images.digital.rema1000.dk/11046/1-medium-kAonNYMox8.webp", "large": "https://rema-product-images.digital.rema1000.dk/11046/1-large-kAonNYMox8.webp"}], "prices": [{"price": 36.5, "price_over_max_quantity": null, "max_quantity": null, "is_advertised": false, "is_campaign": false, "starting_at": "2023-02-02T00:00:00+00:00", "ending_at": "2025-08-30T00:00:00+00:00", "deposit": 1.5, "compare_unit": "ltr", "compare_unit_price": 42.94, "consumption_unit": null, "consumption_quantity": null}], "temperature_zone": null, "is_self_scale_item": false, "is_weight_item": false, "is_available_in_all_stores": true, "is_batch_item": false}
{"id": 110482, "name": "Z SYLTEDE AGURKER", "underline": "190 GR. / BURGER SLICED", "age_limit": null, "hazard_precaution_statements": [], "labels": [], "description": null, "info": "", "images": [{"small": "https://rema-product-images.digital.rema1000.dk/110482/1-small-MBoNnBpZov.webp", "medium": "https://rema-product-images.digital.rema1000.dk/110482/1-medium-MBoNnBpZov.webp", "large": "https://rema-product-images.digital.rema1000.dk/110482/1-large-MBoNnBpZov.webp"}], "prices": [{"price": 17.95, "price_over_max_quantity": null, "max_quantity": null, "is_advertised": false, "is_campaign": false, "starting_at": "2023-03-16T00:00:00+00:00", "ending_at": "2025-09-06T00:00:00+00:00", "deposit": null, "compare_unit": "kg", "compare_unit_price": 94.47, "consumption_unit": null, "consumption_quantity": null}], "temperature_zone": null, "is_self_scale_item": false, "is_weight_item": false, "is_available_in_all_stores": true, "is_batch_item": false}
{"id": 110484, "name": "Z SYLTEDE RØDLØG", "underline": "115 GR. / STREET FOOD TOPPING", "age_limit": null, "hazard_precaution_statements": [], "labels": [], "description": null, "info": "", "images": [{"small": "https://rema-product-images.digital.rema1000.dk/110484/1-small-rQqQl58voe.webp", "medium": "https://rema-product-images.digital.rema1000.dk/110484/1-medium-rQqQl58voe.webp", "large": "https://rema-product-images.digital.rema1000.dk/110484/1-large-rQqQl58voe.webp"}], "prices": [{"price": 17.95, "price_over_max_quantity": null, "max_quantity": null, "is_advertised": false, "is_campaign": false, "starting_at": "2023-04-20T00:00:00+00:00", "ending_at": "2025-09-06T00:00:00+00:00", "deposit": null, "compare_unit": "kg", "compare_unit_price": 156.09, "consumption_unit": null, "consumption_quantity": null}], "temperature_zone": null, "is_self_scale_item": false, "is_weight_item": false, "is_available_in_all_stores": true, "is_batch_item": false}
{"id": 110495, "name": "CREME F. DRESSING", "underline": "305 GR. / REMA 1000, ØKOLOGISK", "age_limit": null, "hazard_precaution_statements": [], "labels": [{"id": 2, "name": "REMA1000", "image": "https://static-assets.digital.rema1000.dk/product/labels/2-64.webp"}, {"id": 5, "name": "Økologi", "image": "https://static-assets.digital.rema1000.dk/product/labels/5-64.webp"}, {"id": 6, "name": "Økologi", "image": "https://static-assets.digital.rema1000.dk/product/labels/6-64.webp"}], "description": "<b>Discount med holdning</b><br />I REMA 1000 har vi fokus på kvalitet til lave priser og overskriften på vores arbejde er Discount med holdning.<br />  <br />Vi har en klar holdning til alle de varer, vi sælger. Vi stiller ikke kun krav til kvaliteten af vores egne mærkevarer – det er også vigtigt for os, at emballagerne er designet til genanvendelse, at indholdet er uden problematiske stoffer, og at varerne er produceret ansvarligt samt mærket med tydelige og valide certificeringer.<br /><br /><b>Om denne vare</b><br />REMA 1000 økologisk creme fraiche-dressing er en god klassisk dressing, som passer til utrolig mange retter. Denne creme fraiche-dressing smager skønt både i pitabrød, på pizza eller på en sprød salat. Fx på en salat af broccoli, rødløg og bacon.", "info": "", "images": [{"small": "https://rema-product-images.digital.rema1000.dk/110495/1-small-v09gyOjxoA.webp", "medium": "https://rema-product-images.digital.rema1000.dk/110495/1-medium-v09gyOjxoA.webp", "large": "https://rema-product-images.digital.rema1000.dk/110495/1-large-v09gyOjxoA.webp"}], "prices": [{"price": 18.95, "price_over_max_quantity": null, "max_quantity": null, "is_advertised": false, "is_campaign": false, "starting_at": "2022-11-03T00:00:00+00:00", "ending_at": "2099-12-31T00:00:00+00:00", "deposit": null, "compare_unit": "kg", "compare_unit_price": 62.13, "consumption_unit": null, "consumption_quantity": null}], "temperature_zone": null, "is_self_scale_item": false, "is_weight_item": false, "is_available_in_all_stores": true, "is_batch_item": false}
{"id": 110496, "name": "BRUN SAUCE", "underline": "410 GR. / REMA 1000", "age_limit": null, "hazard_precaution_statements": [], "labels": [{"id": 2, "name": "REMA1000", "image": "https://static-assets.digital.rema1000.dk/product/labels/2-64.webp"}], "description": "<b>Discount med holdning</b><br />I REMA 1000 har vi fokus på kvalitet til lave priser og overskriften på vores arbejde er Discount med holdning.<br />  <br />Vi har en klar holdning til alle de varer, vi sælger. Vi stiller ikke kun krav til kvaliteten af vores egne mærkevarer – det er også vigtigt for os, at emballagerne er designet til genanvendelse, at indholdet er uden problematiske stoffer, og at varerne er produceret ansvarligt samt mærket med tydelige og valide certificeringer.<br /><br /><b>Om denne vare</b><br />REMA 1000 brun sauce er perfekt, når saucen skal smage godt og være nem at lave. <br />Denne brun sauce er tilberedt med fløde, og smager som en klassisk brun sauce skal. Den er derfor god til fx en hakkebøf med bløde løg.<br /><br /><b>Tilberedning</b><br />Varm saucen langsomt op i en gryde under omrøring. Må ikke koge.", "info": "", "images": [{"small": "https://rema-product-images.digital.rema1000.dk/110496/1-small-NpP7kmb2PO.webp", "medium": "https://rema-product-images.digital.rema1000.dk/110496/1-medium-NpP7kmb2PO.webp", "large": "https://rema-product-images.digital.rema1000.dk/110496/1-large-NpP7kmb2PO.webp"}], "prices": [{"price": 15, "price_over_max_quantity": null, "max_quantity": null, "is_advertised": false, "is_campaign": false, "starting_at": "2022-11-03T00:00:00+00:00", "ending_at": "2025-08-27T00:00:00+00:00", "deposit": null, "compare_unit": "kg", "compare_unit_price": 36.59, "consumption_unit": null, "consumption_quantity": null}], "temperature_zone": null, "is_self_scale_item": false, "is_weight_item": false, "is_available_in_all_stores": true, "is_batch_item": false}
{"id": 110499, "name": "BEARNAISESAUCE", "underline": "410 GR. / REMA 1000", "age_limit": null, "hazard_precaution_statements": [], "labels": [{"id": 2, "name": "REMA1000", "image": "https://static-assets.digital.rema1000.dk/product/labels/2-64.webp"}], "description": "<b>Discount med holdning</b><br />I REMA 1000 har vi fokus på kvalitet til lave priser og overskriften på vores arbejde er Discount med holdning.<br /> <br />Vi har en klar holdning til alle de varer, vi sælger. Vi stiller ikke kun krav til kvaliteten af vores egne mærkevarer – det er også vigtigt for os, at emballagerne er designet til genanvendelse, at indholdet er uden problematiske stoffer, og at varerne er produceret ansvarligt samt mærket med tydelige og valide certificeringer.<br /><br /><b>Om denne vare</b><br />REMA 1000 bearnaisesauce er perfekt, når saucen skal smage godt og være nem at lave. <br />Denne bearnaisesauce smager som en klassisk bearnaisesauce, og god til fx en bøf med ovnbagte kartofler.<br /><br /><b>Tilberedning</b><br />Varm saucen langsomt op i en gryde under omrøring. Må ikke koge.", "info": "", "images": [{"small": "https://rema-product-images.digital.rema1000.dk/110499/1-small-A5qVzKyLqa.webp", "medium": "https://rema-product-images.digital.rema1000.dk/110499/1-medium-A5qVzKyLqa.webp", "large": "https://rema-product-images.digital.rema1000.dk/110499/1-large-A5qVzKyLqa.webp"}], "prices": [{"price": 15, "price_over_max_quantity": null, "max_quantity": null, "is_advertised": false, "is_campaign": false, "starting_at": "2022-11-03T00:00:00+00:00", "ending_at": "2025-08-27T00:00:00+00:00", "deposit": null, "compare_unit": "kg", "compare_unit_price": 36.59, "consumption_unit": null, "consumption_quantity": null}], "temperature_zone": null, "is_self_scale_item": false, "is_weight_item": false, "is_available_in_all_stores": true, "is_batch_item": false}
{"id": 110502, "name": "CHILI BEARNAISE", "underline": "410 GR. / REMA 1000 SAUCE", "age_limit": null, "hazard_precaution_statements": [], "labels": [{"id": 2, "name": "REMA1000", "image": "https://static-assets.digital.rema1000.dk/product/labels/2-64.webp"}], "description": null, "info": "", "images": [{"small": "https://rema-product-images.digital.rema1000.dk/110502/1-small-kAonle2j9x.webp", "medium": "https://rema-product-images.digital.rema1000.dk/110502/1-medium-kAonle2j9x.webp", "large": "https://rema-product-images.digital.rema1000.dk/110502/1-large-kAonle2j9x.webp"}], "prices": [{"price": 15, "price_over_max_quantity": null, "max_quantity": null, "is_advertised": false, "is_campaign": false, "starting_at": "2025-03-27T00:00:00+00:00", "ending_at": "2025-08-27T00:00:00+00:00", "deposit": null, "compare_unit": "kg", "compare_unit_price": 36.59, "consumption_unit": null, "consumption_quantity": null}], "temperature_zone": null, "is_self_scale_item": false, "is_weight_item": false, "is_available_in_all_stores": true, "is_batch_item": false}
{"id": 110503, "name": "WHISKY SAUCE", "underline": "410 GR. / REMA 1000", "age_limit": null, "hazard_precaution_statements": [], "labels": [{"id": 2, "name": "REMA1000", "image": "https://static-assets.digital.rema1000.dk/product/labels/2-64.webp"}], "description": null, "info": "", "images": [{"small": "https://rema-product-images.digital.rema1000.dk/110503/1-small-3MoMVwe3q5.webp", "medium": "https://rema-product-images.digital.rema1000.dk/110503/1-medium-3MoMVwe3q5.webp", "large": "https://rema-product-images.digital.rema1000.dk/110503/1-large-3MoMVwe3q5.webp"}], "prices": [{"price": 15, "price_over_max_quantity": null, "max_quantity": null, "is_advertised": false, "is_campaign": false, "starting_at": "2025-04-01T00:00:00+00:00", "ending_at": "2025-08-27T00:00:00+00:00", "deposit": null, "compare_unit": "kg", "compare_unit_price": 36.59, "consumption_unit": null, "consumption_quantity": null}], "temperature_zone": null, "is_self_scale_item": false, "is_weight_item": false, "is_available_in_all_stores": true, "is_batch_item": false}
{"id": 110530, "name": "ØKOLOGISK RAPSOLIE", "underline": "500 ML. / VALLØ SLOT", "age_limit": null, "hazard_precaution_statements": [], "labels": [{"id": 5, "name": "Økologi", "image": "https://static-assets.digital.rema1000.dk/product/labels/5-64.webp"}, {"id": 6, "name": "Økologi", "image": "https://static-assets.digital.rema1000.dk/product/labels/6-64.webp"}, {"id": 40, "name": "Nøglehul", "image": "https://static-assets.digital.rema1000.dk/product/labels/40-64.webp"}], "description": null, "info": "", "images": [{"small": "https://rema-product-images.digital.rema1000.dk/110530/1-small-869D75j6qM.webp", "medium": "https://rema-product-images.digital.rema1000.dk/110530/1-medium-869D75j6qM.webp", "large": "https://rema-product-images.digital.rema1000.dk/110530/1-large-869D75j6qM.webp"}], "prices": [{"price": 33.95, "price_over_max_quantity": null, "max_quantity": null, "is_advertised": false, "is_campaign": false, "starting_at": "2022-09-15T00:00:00+00:00", "ending_at": "2025-09-13T00:00:00+00:00", "deposit": null, "compare_unit": "ltr", "compare_unit_price": 67.9, "consumption_unit": null, "consumption_quantity": null}], "temperature_zone": null, "is_self_scale_item": false, "is_weight_item": false, "is_available_in_all_stores": true, "is_batch_item": false}
{"id": 110558, "name": "HOLLANDAISE SAUCE", "underline": "410 GR. / REMA 1000", "age_limit": null, "hazard_precaution_statements": [], "labels": [{"id": 2, "name": "REMA1000", "image": "https://static-assets.digital.rema1000.dk/product/labels/2-64.webp"}], "description": "Baseret på rapsolie.<br />", "info": "", "images": [{"small": "https://rema-product-images.digital.rema1000.dk/110558/1-small-3MovlNgk9A.webp", "medium": "https://rema-product-images.digital.rema1000.dk/110558/1-medium-3MovlNgk9A.webp", "large": "https://rema-product-images.digital.rema1000.dk/110558/1-large-3MovlNgk9A.webp"}], "prices": [{"price": 15, "price_over_max_quantity": null, "max_quantity": null, "is_advertised": false, "is_campaign": false, "starting_at": "2023-08-31T00:00:00+00:00", "ending_at": "2025-08-27T00:00:00+00:00", "deposit": null, "compare_unit": "kg", "compare_unit_price": 36.59, "consumption_unit": null, "consumption_quantity": null}], "temperature_zone": null, "is_self_scale_item": false, "is_weight_item": false, "is_available_in_all_stores": true, "is_batch_item": false}
{"id": 110587, "name": "ENGELSK SAUCE", "underline": "185 ML. / REMA 1000", "age_limit": null, "hazard_precaution_statements": [], "labels": [{"id": 2, "name": "REMA1000", "image": "https://static-assets.digital.rema1000.dk/product/labels/2-64.webp"}], "description": null, "info": "", "images": [{"small": "https://rema-product-images.digital.rema1000.dk/110587/1-small-dyom8W6QPV.webp", "medium": "https://rema-product-images.digital.rema1000.dk/110587/1-medium-dyom8W6QPV.webp", "large": "https://rema-product-images.digital.rema1000.dk/110587/1-large-dyom8W6QPV.webp"}], "prices": [{"price": 12.95, "price_over_max_quantity": null, "max_quantity": null, "is_advertised": false, "is_campaign": false, "starting_at": "2024-09-10T00:00:00+00:00", "ending_at": "2025-09-06T00:00:00+00:00", "deposit": null, "compare_unit": "ltr", "compare_unit_price": 70, "consumption_unit": null, "consumption_quantity": null}], "temperature_zone": null, "is_self_scale_item": false, "is_weight_item": false, "is_available_in_all_stores": true, "is_batch_item": false}
{"id": 110609, "name": "HOISIN SAUCE", "underline": "40 GR. / NEMT & GRØNT", "age_limit": null, "hazard_precaution_statements": [], "labels": [], "description": null, "info": "", "images": [{"small": "https://rema-product-images.digital.rema1000.dk/110609/1-small-aboK8Vgmqp.webp", "medium": "https://rema-product-images.digital.rema1000.dk/110609/1-medium-aboK8Vgmqp.webp", "large": "https://rema-product-images.digital.rema1000.dk/110609/1-large-aboK8Vgmqp.webp"}], "prices": [{"price": 5, "price_over_max_quantity": null, "max_quantity": null, "is_advertised": false, "is_campaign": false, "starting_at": "2025-08-17T00:00:00+00:00", "ending_at": "2099-12-31T00:00:00+00:00", "deposit": null, "compare_unit": "kg", "compare_unit_price": 125, "consumption_unit": null, "consumption_quantity": null}], "temperature_zone": null, "is_self_scale_item": false, "is_weight_item": false, "is_available_in_all_stores": true, "is_batch_item": false}
{"id": 110618, "name": "BALSAMICO GLACE", "underline": "40 GR. / NEMT & GRØNT", "age_limit": null, "hazard_precaution_statements": [], "labels": [], "description": null, "info": "", "images": [{"small": "https://rema-product-images.digital.rema1000.dk/110618/1-small-2B943jMYqk.webp", "medium": "https://rema-product-images.digital.rema1000.dk/110618/1-medium-2B943jMYqk.webp", "large": "https://rema-product-images.digital.rema1000.dk/110618/1-large-2B943jMYqk.webp"}], "prices": [{"price": 5, "price_over_max_quantity": null, "max_quantity": null, "is_advertised": false, "is_campaign": false, "starting_at": "2024-08-19T00:00:00+00:00", "ending_at": "2099-12-31T00:00:00+00:00", "deposit": null, "compare_unit": "kg", "compare_unit_price": 125, "consumption_unit": null, "consumption_quantity": null}], "temperature_zone": null, "is_self_scale_item": false, "is_weight_item": false, "is_available_in_all_stores": true, "is_batch_item": false}
{"id": 110678, "name": "GOMA DRESSING", "underline": "255 GR. / REMA 1000", "age_limit": null, "hazard_precaution_statements": [], "labels": [{"id": 2, "name": "REMA1000", "image": "https://static-assets.digital.rema1000.dk/product/labels/2-64.webp"}], "description": null, "info": "", "images": [{"small": "https://rema-product-images.digital.rema1000.dk/110678/1-small-yLqGagMrPd.webp", "medium": "https://rema-product-images.digital.rema1000.dk/110678/1-medium-yLqGagMrPd.webp", "large": "https://rema-product-images.digital.rema1000.dk/110678/1-large-yLqGagMrPd.webp"}], "prices": [{"price": 13.95, "price_over_max_quantity": null, "max_quantity": null, "is_advertised": false, "is_campaign": false, "starting_at": "2024-12-17T00:00:00+00:00", "ending_at": "2025-09-06T00:00:00+00:00", "deposit": null, "compare_unit": "kg", "compare_unit_price": 54.71, "consumption_unit": null, "consumption_quantity": null}], "temperature_zone": null, "is_self_scale_item": false, "is_weight_item": false, "is_available_in_all_stores": true, "is_batch_item": false}
{"id": 110686, "name": "AIOLI", "underline": "230 GR. / REMA 1000", "age_limit": null, "hazard_precaution_statements": [], "labels": [{"id": 2, "name": "REMA1000", "image": "https://static-assets.digital.rema1000.dk/product/labels/2-64.webp"}], "description": null, "info": "", "images": [{"small": "https://rema-product-images.digital.rema1000.dk/110686/1-small-A4Py0G5Y9L.webp", "medium": "https://rema-product-images.digital.rema1000.dk/110686/1-medium-A4Py0G5Y9L.webp", "large": "https://rema-product-images.digital.rema1000.dk/110686/1-large-A4Py0G5Y9L.webp"}], "prices": [{"price": 15.95, "price_over_max_quantity": null, "max_quantity": null, "is_advertised": false, "is_campaign": false, "starting_at": "2025-02-17T00:00:00+00:00", "ending_at": "2099-12-31T00:00:00+00:00", "deposit": null, "compare_unit": "kg", "compare_unit_price": 69.35, "consumption_unit": null, "consumption_quantity": null}], "temperature_zone": null, "is_self_scale_item": false, "is_weight_item": false, "is_available_in_all_stores": true, "is_batch_item": false}
{"id": 110687, "name": "KARRY KETCHUP", "underline": "260 GR. / REMA 1000", "age_limit": null, "hazard_precaution_statements": [], "labels": [{"id": 2, "name": "REMA1000", "image": "https://static-assets.digital.rema1000.dk/product/labels/2-64.webp"}], "description": null, "info": "", "images": [{"small": "https://rema-product-images.digital.rema1000.dk/110687/1-small-dyom8WY3PV.webp", "medium": "https://rema-product-images.digital.rema1000.dk/110687/1-medium-dyom8WY3PV.webp", "large": "https://rema-product-images.digital.rema1000.dk/110687/1-large-dyom8WY3PV.webp"}], "prices": [{"price": 13.95, "price_over_max_quantity": null, "max_quantity": null, "is_advertised": false, "is_campaign": false, "starting_at": "2025-02-17T00:00:00+00:00", "ending_at": "2099-12-31T00:00:00+00:00", "deposit": null, "compare_unit": "kg", "compare_unit_price": 53.65, "consumption_unit": null, "consumption_quantity": null}], "temperature_zone": null, "is_self_scale_item": false, "is_weight_item": false, "is_available_in_all_stores": true, "is_batch_item": false}
{"id": 110688, "name": "SMOKED BBQ SAUCE", "underline": "370 GR. / REMA 1000", "age_limit": null, "hazard_precaution_statements": [], "labels": [{"id": 2, "name": "REMA1000", "image": "https://static-assets.digital.rema1000.dk/product/labels/2-64.webp"}], "description": "BBQ-sauce med røget paprika og chili.<br />", "info": "", "images": [{"small": "https://rema-product-images.digital.rema1000.dk/110688/1-small-xePwyGn8qw.webp", "medium": "https://rema-product-images.digital.rema1000.dk/110688/1-medium-xePwyGn8qw.webp", "large": "https://rema-product-images.digital.rema1000.dk/110688/1-large-xePwyGn8qw.webp"}], "prices": [{"price": 16.95, "price_over_max_quantity": null, "max_quantity": null, "is_advertised": false, "is_campaign": false, "starting_at": "2025-02-18T00:00:00+00:00", "ending_at": "2099-12-31T00:00:00+00:00", "deposit": null, "compare_unit": "kg", "compare_unit_price": 45.81, "consumption_unit": null, "consumption_quantity": null}], "temperature_zone": null, "is_self_scale_item": false, "is_weight_item": false, "is_available_in_all_stores": true, "is_batch_item": false}
{"id": 110689, "name": "SWEET GARLIC BBQ", "underline": "260 GR. / REMA 1000", "age_limit": null, "hazard_precaution_statements": [], "labels": [{"id": 2, "name": "REMA1000", "image": "https://static-assets.digital.rema1000.dk/product/labels/2-64.webp"}], "description": null, "info": "", "images": [{"small": "https://rema-product-images.digital.rema1000.dk/110689/1-small-ElPB1npl9k.webp", "medium": "https://rema-product-images.digital.rema1000.dk/110689/1-medium-ElPB1npl9k.webp", "large": "https://rema-product-images.digital.rema1000.dk/110689/1-large-ElPB1npl9k.webp"}], "prices": [{"price": 14.95, "price_over_max_quantity": null, "max_quantity": null, "is_advertised": false, "is_campaign": false, "starting_at": "2025-02-11T00:00:00+00:00", "ending_at": "2099-12-31T00:00:00+00:00", "deposit": null, "compare_unit": "kg", "compare_unit_price": 57.5, "consumption_unit": null, "consumption_quantity": null}], "temperature_zone": null, "is_self_scale_item": false, "is_weight_item": false, "is_available_in_all_stores": true, "is_batch_item": false}
{"id": 110695, "name": "VINDRUEKERNEOLIE", "underline": "500 ML. / FARCHIONI", "age_limit": null, "hazard_precaution_statements": [], "labels": [{"id": 40, "name": "Nøglehul", "image": "https://static-assets.digital.rema1000.dk/product/labels/40-64.webp"}], "description": null, "info": "", "images": [{"small": "https://rema-product-images.digital.rema1000.dk/110695/1-small-v09gyOz0oA.webp", "medium": "https://rema-product-images.digital.rema1000.dk/110695/1-medium-v09gyOz0oA.webp", "large": "https://rema-product-images.digital.rema1000.dk/110695/1-large-v09gyOz0oA.webp"}], "prices": [{"price": 31.95, "price_over_max_quantity": null, "max_quantity": null, "is_advertised": false, "is_campaign": false, "starting_at": "2025-03-12T00:00:00+00:00", "ending_at": "2099-12-31T00:00:00+00:00", "deposit": null, "compare_unit": "ltr", "compare_unit_price": 63.9, "consumption_unit": null, "consumption_quantity": null}], "temperature_zone": null, "is_self_scale_item": false, "is_weight_item": false, "is_available_in_all_stores": true, "is_batch_item": false}
{"id": 110720, "name": "CHILI DRESSING", "underline": "380 GR. / BÄHNCKE", "age_limit": null, "hazard_precaution_statements": [], "labels": [], "description": null, "info": "", "images": [{"small": "https://rema-product-images.digital.rema1000.dk/110720/1-small-AKqebVM29p.webp", "medium": "https://rema-product-images.digital.rema1000.dk/110720/1-medium-AKqebVM29p.webp", "large": "https://rema-product-images.digital.rema1000.dk/110720/1-large-AKqebVM29p.webp"}], "prices": [{"price": 15, "price_over_max_quantity": null, "max_quantity": null, "is_advertised": false, "is_campaign": false, "starting_at": "2025-08-20T00:00:00+00:00", "ending_at": "2025-11-15T00:00:00+00:00", "deposit": null, "compare_unit": "kg", "compare_unit_price": 39.47, "consumption_unit": null, "consumption_quantity": null}], "temperature_zone": null, "is_self_scale_item": false, "is_weight_item": false, "is_available_in_all_stores": true, "is_batch_item": true}
{"id": 110803, "name": "TOMAT KETCHUP", "underline": "400 ML. / SVANSØ, ØKOLOGISK", "age_limit": null, "hazard_precaution_statements": [], "labels": [{"id": 5, "name": "Økologi", "image": "https://static-assets.digital.rema1000.dk/product/labels/5-64.webp"}, {"id": 6, "name": "Økologi", "image": "https://static-assets.digital.rema1000.dk/product/labels/6-64.webp"}], "description": "Med base af solmodne, økologiske tomater fra Sydeuropa, har vi fremsilllet en lækker økologisk tomatketchup. Ketchuppener smagt til med en økologisk krydderiblanding, der er tilpasset hele familiens smagsløg - hverken for sød eller stærk, og perfekt til alle måltider hvor ketchup finder sin anvendelse.", "info": "", "images": [{"small": "https://rema-product-images.digital.rema1000.dk/110803/1-small-3MoMVwplq5.webp", "medium": "https://rema-product-images.digital.rema1000.dk/110803/1-medium-3MoMVwplq5.webp", "large": "https://rema-product-images.digital.rema1000.dk/110803/1-large-3MoMVwplq5.webp"}], "prices": [{"price": 12.95, "price_over_max_quantity": null, "max_quantity": null, "is_advertised": false, "is_campaign": false, "starting_at": "2024-01-04T00:00:00+00:00", "ending_at": "2099-12-31T00:00:00+00:00", "deposit": null, "compare_unit": "ltr", "compare_unit_price": 32.38, "consumption_unit": null, "consumption_quantity": null}], "temperature_zone": null, "is_self_scale_item": false, "is_weight_item": false, "is_available_in_all_stores": true, "is_batch_item": false}
{"id": 110848, "name": "TOMATKETCHUP", "underline": "520 GR. / REMA 1000", "age_limit": null, "hazard_precaution_statements": [], "labels": [{"id": 2, "name": "REMA1000", "image": "https://static-assets.digital.rema1000.dk/product/labels/2-64.webp"}], "description": null, "info": "", "images": [{"small": "https://rema-product-images.digital.rema1000.dk/110848/1-small-OJq52O419p.webp", "medium": "https://rema-product-images.digital.rema1000.dk/110848/1-medium-OJq52O419p.webp", "large": "https://rema-product-images.digital.rema1000.dk/110848/1-large-OJq52O419p.webp"}], "prices": [{"price": 8.5, "price_over_max_quantity": null, "max_quantity": null, "is_advertised": false, "is_campaign": false, "starting_at": "2024-02-15T00:00:00+00:00", "ending_at": "2099-12-31T00:00:00+00:00", "deposit": null, "compare_unit": "kg", "compare_unit_price": 16.35, "consumption_unit": null, "consumption_quantity": null}], "temperature_zone": null, "is_self_scale_item": false, "is_weight_item": false, "is_available_in_all_stores": true, "is_batch_item": false}
{"id": 110934, "name": "ØKO. KETCHUP", "underline": "580 GR. / HEINZ", "age_limit": null, "hazard_precaution_statements": [], "labels": [{"id": 6, "name": "Økologi", "image": "https://static-assets.digital.rema1000.dk/product/labels/6-64.webp"}], "description": null, "info": "", "images": [{"small": "https://rema-product-images.digital.rema1000.dk/110934/1-small-yLqGaggdPd.webp", "medium": "https://rema-product-images.digital.rema1000.dk/110934/1-medium-yLqGaggdPd.webp", "large": "https://rema-product-images.digital.rema1000.dk/110934/1-large-yLqGaggdPd.webp"}], "prices": [{"price": 20, "price_over_max_quantity": null, "max_quantity": null, "is_advertised": false, "is_campaign": false, "starting_at": "2025-08-07T00:00:00+00:00", "ending_at": "2025-11-15T00:00:00+00:00", "deposit": null, "compare_unit": "kg", "compare_unit_price": 34.48, "consumption_unit": null, "consumption_quantity": null}], "temperature_zone": null, "is_self_scale_item": false, "is_weight_item": false, "is_available_in_all_stores": true, "is_batch_item": true}
{"id": 111408, "name": "TOMAT PASTA", "underline": "140 GR. / REMA 1000", "age_limit": null, "hazard_precaution_statements": [], "labels": [{"id": 2, "name": "REMA1000", "image": "https://static-assets.digital.rema1000.dk/product/labels/2-64.webp"}], "description": "<b>Discount med holdning</b><br />I REMA 1000 har vi fokus på kvalitet til lave priser og overskriften på vores arbejde er Discount med holdning.<br />  <br />Vi har en klar holdning til alle de varer, vi sælger. Vi stiller ikke kun krav til kvaliteten af vores egne mærkevarer – det er også vigtigt for os, at emballagerne er designet til genanvendelse, at indholdet er uden problematiske stoffer, og at varerne er produceret ansvarligt samt mærket med tydelige og valide certificeringer.<br /><br /><b>Om denne vare</b><br />REMA 1000 tomatpasta giver din ret en sød og fyldig smag af tomat, og er derfor velegnet som smagsforstærker til blandt andet lasagne, kødsovs, pastaretter og meget andet.", "info": "", "images": [{"small": "https://rema-product-images.digital.rema1000.dk/111408/1-small-NpP7km5EPO.webp", "medium": "https://rema-product-images.digital.rema1000.dk/111408/1-medium-NpP7km5EPO.webp", "large": "https://rema-product-images.digital.rema1000.dk/111408/1-large-NpP7km5EPO.webp"}], "prices": [{"price": 4.95, "price_over_max_quantity": null, "max_quantity": null, "is_advertised": false, "is_campaign": false, "starting_at": "2023-12-21T00:00:00+00:00", "ending_at": "2099-12-31T00:00:00+00:00", "deposit": null, "compare_unit": "kg", "compare_unit_price": 35.36, "consumption_unit": null, "consumption_quantity": null}], "temperature_zone": null, "is_self_scale_item": false, "is_weight_item": false, "is_available_in_all_stores": true, "is_batch_item": false}
{"id": 11144, "name": "HYLDEBLOMSTDRIK", "underline": "50 CL. / REMA 1000, ØKOLOGISK", "age_limit": null, "hazard_precaution_statements": [], "labels": [{"id": 2, "name": "REMA1000", "image": "https://static-assets.digital.rema1000.dk/product/labels/2-64.webp"}, {"id": 5, "name": "Økologi", "image": "https://static-assets.digital.rema1000.dk/product/labels/5-64.webp"}, {"id": 6, "name": "Økologi", "image": "https://static-assets.digital.rema1000.dk/product/labels/6-64.webp"}], "description": null, "info": "", "images": [{"small": "https://rema-product-images.digital.rema1000.dk/11144/1-small-xePw0Wdow8.webp", "medium": "https://rema-product-images.digital.rema1000.dk/11144/1-medium-xePw0Wdow8.webp", "large": "https://rema-product-images.digital.rema1000.dk/11144/1-large-xePw0Wdow8.webp"}], "prices": [{"price": 14.95, "price_over_max_quantity": null, "max_quantity": null, "is_advertised": false, "is_campaign": false, "starting_at": "2024-09-05T00:00:00+00:00", "ending_at": "2099-12-31T00:00:00+00:00", "deposit": 1, "compare_unit": "ltr", "compare_unit_price": 29.9, "consumption_unit": null, "consumption_quantity": null}], "temperature_zone": null, "is_self_scale_item": false, "is_weight_item": false, "is_available_in_all_stores": true, "is_batch_item": false}
{"id": 11146, "name": "RABARBER/HINDBÆR", "underline": "50 CL. / REMA 1000, ØKOLOGISK", "age_limit": null, "hazard_precaution_statements": [], "labels": [{"id": 2, "name": "REMA1000", "image": "https://static-assets.digital.rema1000.dk/product/labels/2-64.webp"}, {"id": 5, "name": "Økologi", "image": "https://static-assets.digital.rema1000.dk/product/labels/5-64.webp"}, {"id": 6, "name": "Økologi", "image": "https://static-assets.digital.rema1000.dk/product/labels/6-64.webp"}], "description": null, "info": "", "images": [{"small": "https://rema-product-images.digital.rema1000.dk/11146/1-small-kAonNZGox8.webp", "medium": "https://rema-product-images.digital.rema1000.dk/11146/1-medium-kAonNZGox8.webp", "large": "https://rema-product-images.digital.rema1000.dk/11146/1-large-kAonNZGox8.webp"}], "prices": [{"price": 20.95, "price_over_max_quantity": null, "max_quantity": null, "is_advertised": false, "is_campaign": false, "starting_at": "2024-01-04T00:00:00+00:00", "ending_at": "2025-08-23T00:00:00+00:00", "deposit": 1, "compare_unit": "ltr", "compare_unit_price": 41.9, "consumption_unit": null, "consumption_quantity": null}], "temperature_zone": null, "is_self_scale_item": false, "is_weight_item": false, "is_available_in_all_stores": true, "is_batch_item": false}
{"id": 11159, "name": "ÆBLE JUICE", "underline": "1 LTR. / DANFRUGT", "age_limit": null, "hazard_precaution_statements": [], "labels": [{"id": 2, "name": "REMA1000", "image": "https://static-assets.digital.rema1000.dk/product/labels/2-64.webp"}], "description": "<b>Discount med holdning</b><br />I REMA 1000 har vi fokus på kvalitet til lave priser og overskriften på vores arbejde er Discount med holdning.<br /> <br />Vi har en klar holdning til alle de varer, vi sælger. Vi stiller ikke kun krav til kvaliteten af vores egne mærkevarer – det er også vigtigt for os, at emballagerne er designet til genanvendelse, at indholdet er uden problematiske stoffer, og at varerne er produceret ansvarligt samt mærket med tydelige og valide certificeringer.<br /> <br /><b>Om denne vare</b><br />REMA 1000 æblejuice fra koncentrat er lavet af saftige æbler, som giver en frisk smag. Juicen er en klassiker på det danske morgenbord og nydes bedst iskold.", "info": "", "images": [{"small": "https://rema-product-images.digital.rema1000.dk/11159/1-small-KpqRvJ3qLz.webp", "medium": "https://rema-product-images.digital.rema1000.dk/11159/1-medium-KpqRvJ3qLz.webp", "large": "https://rema-product-images.digital.rema1000.dk/11159/1-large-KpqRvJ3qLz.webp"}], "prices": [{"price": 13.95, "price_over_max_quantity": null, "max_quantity": null, "is_advertised": false, "is_campaign": false, "starting_at": "2025-06-19T00:00:00+00:00", "ending_at": "2099-12-31T00:00:00+00:00", "deposit": 3, "compare_unit": "ltr", "compare_unit_price": 13.95, "consumption_unit": null, "consumption_quantity": null}], "temperature_zone": null, "is_self_scale_item": false, "is_weight_item": false, "is_available_in_all_stores": true, "is_batch_item": false}
{"id": 11160, "name": "MULTIFRUGT JUICE", "underline": "1 LTR. / DANFRUGT", "age_limit": null, "hazard_precaution_statements": [], "labels": [{"id": 2, "name": "REMA1000", "image": "https://static-assets.digital.rema1000.dk/product/labels/2-64.webp"}], "description": "<b>Discount med holdning</b><br />I REMA 1000 har vi fokus på kvalitet til lave priser og overskriften på vores arbejde er Discount med holdning.<br /> <br />Vi har en klar holdning til alle de varer, vi sælger. Vi stiller ikke kun krav til kvaliteten af vores egne mærkevarer – det er også vigtigt for os, at emballagerne er designet til genanvendelse, at indholdet er uden problematiske stoffer, og at varerne er produceret ansvarligt samt mærket med tydelige og valide certificeringer.<br /> <br /><b>Om denne vare</b><br />REMA 1000 multijuice fra koncentrat er lavet på 16 forskellige smagfulde frugter, som giver en mild og sød smag. Juicen er perfekt til det danske morgenbord og nydes bedst iskold.", "info": "", "images": [{"small": "https://rema-product-images.digital.rema1000.dk/11160/1-small-6xqAOJEPDr.webp", "medium": "https://rema-product-images.digital.rema1000.dk/11160/1-medium-6xqAOJEPDr.webp", "large": "https://rema-product-images.digital.rema1000.dk/11160/1-large-6xqAOJEPDr.webp"}], "prices": [{"price": 18.5, "price_over_max_quantity": null, "max_quantity": null, "is_advertised": false, "is_campaign": false, "starting_at": "2025-06-19T00:00:00+00:00", "ending_at": "2099-12-31T00:00:00+00:00", "deposit": 3, "compare_unit": "ltr", "compare_unit_price": 18.5, "consumption_unit": null, "consumption_quantity": null}], "temperature_zone": null, "is_self_scale_item": false, "is_weight_item": false, "is_available_in_all_stores": true, "is_batch_item": false}
{"id": 11161, "name": "SOLBÆR", "underline": "1 LTR. / DANFRUGT", "age_limit": null, "hazard_precaution_statements": [], "labels": [{"id": 2, "name": "REMA1000", "image": "https://static-assets.digital.rema1000.dk/product/labels/2-64.webp"}], "description": "<b>Discount med holdning</b><br />I REMA 1000 har vi fokus på kvalitet til lave priser og overskriften på vores arbejde er Discount med holdning.<br /> <br />Vi har en klar holdning til alle de varer, vi sælger. Vi stiller ikke kun krav til kvaliteten af vores egne mærkevarer – det er også vigtigt for os, at emballagerne er designet til genanvendelse, at indholdet er uden problematiske stoffer, og at varerne er produceret ansvarligt samt mærket med tydelige og valide certificeringer.<br /> <br /><b>Om denne vare</b><br />REMA 1000 solbærdrik til opblanding er lavet på smagfulde solbær, som giver en frisk smag.", "info": "", "images": [{"small": "https://rema-product-images.digital.rema1000.dk/11161/1-small-Z8qpA1093N.webp", "medium": "https://rema-product-images.digital.rema1000.dk/11161/1-medium-Z8qpA1093N.webp", "large": "https://rema-product-images.digital.rema1000.dk/11161/1-large-Z8qpA1093N.webp"}], "prices": [{"price": 21.5, "price_over_max_quantity": null, "max_quantity": null, "is_advertised": false, "is_campaign": false, "starting_at": "2025-06-19T00:00:00+00:00", "ending_at": "2099-12-31T00:00:00+00:00", "deposit": 3, "compare_unit": "ltr", "compare_unit_price": 21.5, "consumption_unit": null, "consumption_quantity": null}], "temperature_zone": null, "is_self_scale_item": false, "is_weight_item": false, "is_available_in_all_stores": true, "is_batch_item": false}
{"id": 11163, "name": "INGEFÆR/ÆBLE", "underline": "50 CL. / HOLMENE SHOTS", "age_limit": null, "hazard_precaution_statements": [], "labels": [{"id": 5, "name": "Økologi", "image": "https://static-assets.digital.rema1000.dk/product/labels/5-64.webp"}, {"id": 6, "name": "Økologi", "image": "https://static-assets.digital.rema1000.dk/product/labels/6-64.webp"}], "description": null, "info": "", "images": [{"small": "https://rema-product-images.digital.rema1000.dk/11163/1-small-rDq6WJO9bW.webp", "medium": "https://rema-product-images.digital.rema1000.dk/11163/1-medium-rDq6WJO9bW.webp", "large": "https://rema-product-images.digital.rema1000.dk/11163/1-large-rDq6WJO9bW.webp"}], "prices": [{"price": 25, "price_over_max_quantity": null, "max_quantity": null, "is_advertised": false, "is_campaign": false, "starting_at": "2019-09-05T00:00:00+00:00", "ending_at": "2099-12-31T00:00:00+00:00", "deposit": 1, "compare_unit": "ltr", "compare_unit_price": 50, "consumption_unit": null, "consumption_quantity": null}], "temperature_zone": null, "is_self_scale_item": false, "is_weight_item": false, "is_available_in_all_stores": true, "is_batch_item": false}
{"id": 11165, "name": "SVESKEJUICE", "underline": "1 LTR. / DANFRUGT", "age_limit": null, "hazard_precaution_statements": [], "labels": [{"id": 2, "name": "REMA1000", "image": "https://static-assets.digital.rema1000.dk/product/labels/2-64.webp"}], "description": "<b>Discount med holdning</b><br />I REMA 1000 har vi fokus på kvalitet til lave priser og overskriften på vores arbejde er Discount med holdning.<br /> <br />Vi har en klar holdning til alle de varer, vi sælger. Vi stiller ikke kun krav til kvaliteten af vores egne mærkevarer – det er også vigtigt for os, at emballagerne er designet til genanvendelse, at indholdet er uden problematiske stoffer, og at varerne er produceret ansvarligt samt mærket med tydelige og valide certificeringer.<br /> <br /><b>Om denne vare</b><br />REMA 1000 sveskejuice fra koncentrat er lavet af saftige svesker. Juicen smager dejligt ved morgenbord og nydes bedst iskold.", "info": "", "images": [{"small": "https://rema-product-images.digital.rema1000.dk/11165/1-small-bJ9YpnnqL5.webp", "medium": "https://rema-product-images.digital.rema1000.dk/11165/1-medium-bJ9YpnnqL5.webp", "large": "https://rema-product-images.digital.rema1000.dk/11165/1-large-bJ9YpnnqL5.webp"}], "prices": [{"price": 20, "price_over_max_quantity": null, "max_quantity": null, "is_advertised": false, "is_campaign": false, "starting_at": "2024-01-18T00:00:00+00:00", "ending_at": "2099-12-31T00:00:00+00:00", "deposit": 3, "compare_unit": "ltr", "compare_unit_price": 20, "consumption_unit": null, "consumption_quantity": null}], "temperature_zone": null, "is_self_scale_item": false, "is_weight_item": false, "is_available_in_all_stores": true, "is_batch_item": false}
{"id": 11179, "name": "APPELSIN CITRON", "underline": "50 CL. / REMA 1000", "age_limit": null, "hazard_precaution_statements": [], "labels": [{"id": 2, "name": "REMA1000", "image": "https://static-assets.digital.rema1000.dk/product/labels/2-64.webp"}, {"id": 5, "name": "Økologi", "image": "https://static-assets.digital.rema1000.dk/product/labels/5-64.webp"}, {"id": 6, "name": "Økologi", "image": "https://static-assets.digital.rema1000.dk/product/labels/6-64.webp"}], "description": null, "info": "", "images": [{"small": "https://rema-product-images.digital.rema1000.dk/11179/1-small-Gb9kJ1wq75.webp", "medium": "https://rema-product-images.digital.rema1000.dk/11179/1-medium-Gb9kJ1wq75.webp", "large": "https://rema-product-images.digital.rema1000.dk/11179/1-large-Gb9kJ1wq75.webp"}], "prices": [{"price": 21.95, "price_over_max_quantity": null, "max_quantity": null, "is_advertised": false, "is_campaign": false, "starting_at": "2025-03-20T00:00:00+00:00", "ending_at": "2025-08-23T00:00:00+00:00", "deposit": 1, "compare_unit": "ltr", "compare_unit_price": 43.9, "consumption_unit": null, "consumption_quantity": null}], "temperature_zone": null, "is_self_scale_item": false, "is_weight_item": false, "is_available_in_all_stores": true, "is_batch_item": false}
{"id": 111917, "name": "TH.ISLAND DRESSING", "underline": "408 GR. / REMA 1000", "age_limit": null, "hazard_precaution_statements": [], "labels": [{"id": 2, "name": "REMA1000", "image": "https://static-assets.digital.rema1000.dk/product/labels/2-64.webp"}], "description": null, "info": "", "images": [{"small": "https://rema-product-images.digital.rema1000.dk/111917/1-small-Z8qplQ6mq3.webp", "medium": "https://rema-product-images.digital.rema1000.dk/111917/1-medium-Z8qplQ6mq3.webp", "large": "https://rema-product-images.digital.rema1000.dk/111917/1-large-Z8qplQ6mq3.webp"}], "prices": [{"price": 14.95, "price_over_max_quantity": null, "max_quantity": null, "is_advertised": false, "is_campaign": false, "starting_at": "2025-03-27T00:00:00+00:00", "ending_at": "2099-12-31T00:00:00+00:00", "deposit": null, "compare_unit": "kg", "compare_unit_price": 36.64, "consumption_unit": null, "consumption_quantity": null}], "temperature_zone": null, "is_self_scale_item": false, "is_weight_item": false, "is_available_in_all_stores": true, "is_batch_item": false}
{"id": 111930, "name": "KRYDDERURTEDRESSING", "underline": "420 GR. / REMA 1000, 0,5%", "age_limit": null, "hazard_precaution_statements": [], "labels": [{"id": 2, "name": "REMA1000", "image": "https://static-assets.digital.rema1000.dk/product/labels/2-64.webp"}], "description": "<b>Discount med holdning</b><br />I REMA 1000 har vi fokus på kvalitet til lave priser og overskriften på vores arbejde er Discount med holdning.<br />  <br />Vi har en klar holdning til alle de varer, vi sælger. Vi stiller ikke kun krav til kvaliteten af vores egne mærkevarer – det er også vigtigt for os, at emballagerne er designet til genanvendelse, at indholdet er uden problematiske stoffer, og at varerne er produceret ansvarligt samt mærket med tydelige og valide certificeringer.<br /><br /><b>Om denne vare</b><br />REMA 1000 krydderurte-dressing er en god klassisk dressing, som passer til utrolig mange retter og grønne salater. Dressingen smager skønt både i pitabrød, sandwiches, på pizza eller på en sprød salat.<br />Denne hvidløgsdressing er desuden fedtfattig med kun 0,5% fedt.", "info": "", "images": [{"small": "https://rema-product-images.digital.rema1000.dk/111930/1-small-869D750zqM.webp", "medium": "https://rema-product-images.digital.rema1000.dk/111930/1-medium-869D750zqM.webp", "large": "https://rema-product-images.digital.rema1000.dk/111930/1-large-869D750zqM.webp"}], "prices": [{"price": 12.5, "price_over_max_quantity": null, "max_quantity": null, "is_advertised": false, "is_campaign": false, "starting_at": "2022-11-10T00:00:00+00:00", "ending_at": "2099-12-31T00:00:00+00:00", "deposit": null, "compare_unit": "kg", "compare_unit_price": 29.76, "consumption_unit": null, "consumption_quantity": null}], "temperature_zone": null, "is_self_scale_item": false, "is_weight_item": false, "is_available_in_all_stores": true, "is_batch_item": false}
{"id": 111931, "name": "HONEY MUSTARD", "underline": "404 GR. / DRESSING, REMA 1000", "age_limit": null, "hazard_precaution_statements": [], "labels": [{"id": 2, "name": "REMA1000", "image": "https://static-assets.digital.rema1000.dk/product/labels/2-64.webp"}], "description": null, "info": "", "images": [{"small": "https://rema-product-images.digital.rema1000.dk/111931/1-small-01q23XOe97.webp", "medium": "https://rema-product-images.digital.rema1000.dk/111931/1-medium-01q23XOe97.webp", "large": "https://rema-product-images.digital.rema1000.dk/111931/1-large-01q23XOe97.webp"}], "prices": [{"price": 14.95, "price_over_max_quantity": null, "max_quantity": null, "is_advertised": false, "is_campaign": false, "starting_at": "2024-01-04T00:00:00+00:00", "ending_at": "2099-12-31T00:00:00+00:00", "deposit": null, "compare_unit": "kg", "compare_unit_price": 37, "consumption_unit": null, "consumption_quantity": null}], "temperature_zone": null, "is_self_scale_item": false, "is_weight_item": false, "is_available_in_all_stores": true, "is_batch_item": false}
{"id": 111932, "name": "HVIDLØGSDRESSING", "underline": "420 GR. / REMA 1000, 0,5%", "age_limit": null, "hazard_precaution_statements": [], "labels": [{"id": 2, "name": "REMA1000", "image": "https://static-assets.digital.rema1000.dk/product/labels/2-64.webp"}], "description": "<b>Discount med holdning</b><br />I REMA 1000 har vi fokus på kvalitet til lave priser og overskriften på vores arbejde er Discount med holdning.<br />  <br />Vi har en klar holdning til alle de varer, vi sælger. Vi stiller ikke kun krav til kvaliteten af vores egne mærkevarer – det er også vigtigt for os, at emballagerne er designet til genanvendelse, at indholdet er uden problematiske stoffer, og at varerne er produceret ansvarligt samt mærket med tydelige og valide certificeringer.<br /><br /><b>Om denne vare</b><br />REMA 1000 hvidløgsdressing er en god klassisk dressing, som passer til utrolig mange retter. Dressingen smager skønt både i pitabrød, sandwiches, på pizza eller på en sprød salat.<br />Denne hvidløgsdressing er desuden fedtfattig med kun 0,5% fedt.", "info": "", "images": [{"small": "https://rema-product-images.digital.rema1000.dk/111932/1-small-nDPWJ0xk9W.webp", "medium": "https://rema-product-images.digital.rema1000.dk/111932/1-medium-nDPWJ0xk9W.webp", "large": "https://rema-product-images.digital.rema1000.dk/111932/1-large-nDPWJ0xk9W.webp"}], "prices": [{"price": 12.5, "price_over_max_quantity": null, "max_quantity": null, "is_advertised": false, "is_campaign": false, "starting_at": "2022-11-10T00:00:00+00:00", "ending_at": "2099-12-31T00:00:00+00:00", "deposit": null, "compare_unit": "kg", "compare_unit_price": 29.76, "consumption_unit": null, "consumption_quantity": null}], "temperature_zone": null, "is_self_scale_item": false, "is_weight_item": false, "is_available_in_all_stores": true, "is_batch_item": false}
{"id": 111934, "name": "THOUSAND ISLAND", "underline": "420 GR. / REMA 1000, 0,4%", "age_limit": null, "hazard_precaution_statements": [], "labels": [{"id": 2, "name": "REMA1000", "image": "https://static-assets.digital.rema1000.dk/product/labels/2-64.webp"}], "description": "<b>Discount med holdning</b><br />I REMA 1000 har vi fokus på kvalitet til lave priser og overskriften på vores arbejde er Discount med holdning.<br />  <br />Vi har en klar holdning til alle de varer, vi sælger. Vi stiller ikke kun krav til kvaliteten af vores egne mærkevarer – det er også vigtigt for os, at emballagerne er designet til genanvendelse, at indholdet er uden problematiske stoffer, og at varerne er produceret ansvarligt samt mærket med tydelige og valide certificeringer.<br /><br /><b>Om denne vare</b><br />REMA 1000 Thousand Island dressing er en god klassisk dressing, som passer til utrolig mange retter og grønne salater. ", "info": "", "images": [{"small": "https://rema-product-images.digital.rema1000.dk/111934/1-small-yLqGagmAPd.webp", "medium": "https://rema-product-images.digital.rema1000.dk/111934/1-medium-yLqGagmAPd.webp", "large": "https://rema-product-images.digital.rema1000.dk/111934/1-large-yLqGagmAPd.webp"}], "prices": [{"price": 12.5, "price_over_max_quantity": null, "max_quantity": null, "is_advertised": false, "is_campaign": false, "starting_at": "2022-11-10T00:00:00+00:00", "ending_at": "2099-12-31T00:00:00+00:00", "deposit": null, "compare_unit": "kg", "compare_unit_price": 29.76, "consumption_unit": null, "consumption_quantity": null}], "temperature_zone": null, "is_self_scale_item": false, "is_weight_item": false, "is_available_in_all_stores": true, "is_batch_item": false}
{"id": 111935, "name": "ITALIANO DRESSING", "underline": "420 GR. / REMA 1000, 0%", "age_limit": null, "hazard_precaution_statements": [], "labels": [{"id": 2, "name": "REMA1000", "image": "https://static-assets.digital.rema1000.dk/product/labels/2-64.webp"}], "description": "<b>Discount med holdning</b><br />I REMA 1000 har vi fokus på kvalitet til lave priser og overskriften på vores arbejde er Discount med holdning.<br />  <br />Vi har en klar holdning til alle de varer, vi sælger. Vi stiller ikke kun krav til kvaliteten af vores egne mærkevarer – det er også vigtigt for os, at emballagerne er designet til genanvendelse, at indholdet er uden problematiske stoffer, og at varerne er produceret ansvarligt samt mærket med tydelige og valide certificeringer.<br /><br /><b>Om denne vare</b><br />REMA 1000 Italiano dressing er en fedtfri dressing - perfekt til en smagfuld salat. Fx en god tomatsalat med frisk basilikum, mozzarellaost og rødløg.", "info": "", "images": [{"small": "https://rema-product-images.digital.rema1000.dk/111935/1-small-Gb9kMjvyo7.webp", "medium": "https://rema-product-images.digital.rema1000.dk/111935/1-medium-Gb9kMjvyo7.webp", "large": "https://rema-product-images.digital.rema1000.dk/111935/1-large-Gb9kMjvyo7.webp"}], "prices": [{"price": 9.94, "price_over_max_quantity": null, "max_quantity": null, "is_advertised": false, "is_campaign": false, "starting_at": "2024-01-11T00:00:00+00:00", "ending_at": "2099-12-31T00:00:00+00:00", "deposit": null, "compare_unit": "kg", "compare_unit_price": 23.67, "consumption_unit": null, "consumption_quantity": null}], "temperature_zone": null, "is_self_scale_item": false, "is_weight_item": false, "is_available_in_all_stores": true, "is_batch_item": false}
{"id": 111938, "name": "COLESLAW DRESSING", "underline": "416 GR. / REMA 1000", "age_limit": null, "hazard_precaution_statements": [], "labels": [{"id": 2, "name": "REMA1000", "image": "https://static-assets.digital.rema1000.dk/product/labels/2-64.webp"}], "description": "<b>Discount med holdning</b><br />I REMA 1000 har vi fokus på kvalitet til lave priser og overskriften på vores arbejde er Discount med holdning.<br />  <br />Vi har en klar holdning til alle de varer, vi sælger. Vi stiller ikke kun krav til kvaliteten af vores egne mærkevarer – det er også vigtigt for os, at emballagerne er designet til genanvendelse, at indholdet er uden problematiske stoffer, og at varerne er produceret ansvarligt samt mærket med tydelige og valide certificeringer.<br /><br /><b>Om denne vare</b><br />REMA 1000 coleslaw dressing er ideel på en salat af snittet kål og gulerødder. Server coleslaw-salaten til fx Cordon Bleu, pulled pork burger, spareribs eller grillet kylling.", "info": "", "images": [{"small": "https://rema-product-images.digital.rema1000.dk/111938/1-small-MBoNnBGpov.webp", "medium": "https://rema-product-images.digital.rema1000.dk/111938/1-medium-MBoNnBGpov.webp", "large": "https://rema-product-images.digital.rema1000.dk/111938/1-large-MBoNnBGpov.webp"}], "prices": [{"price": 14.95, "price_over_max_quantity": null, "max_quantity": null, "is_advertised": false, "is_campaign": false, "starting_at": "2024-01-04T00:00:00+00:00", "ending_at": "2099-12-31T00:00:00+00:00", "deposit": null, "compare_unit": "kg", "compare_unit_price": 35.94, "consumption_unit": null, "consumption_quantity": null}], "temperature_zone": null, "is_self_scale_item": false, "is_weight_item": false, "is_available_in_all_stores": true, "is_batch_item": false}
{"id": 111939, "name": "CREME FRAICHE DRESS.", "underline": "410 GR. / REMA 1000", "age_limit": null, "hazard_precaution_statements": [], "labels": [{"id": 2, "name": "REMA1000", "image": "https://static-assets.digital.rema1000.dk/product/labels/2-64.webp"}], "description": "<b>Discount med holdning</b><br />I REMA 1000 har vi fokus på kvalitet til lave priser og overskriften på vores arbejde er Discount med holdning.<br />  <br />Vi har en klar holdning til alle de varer, vi sælger. Vi stiller ikke kun krav til kvaliteten af vores egne mærkevarer – det er også vigtigt for os, at emballagerne er designet til genanvendelse, at indholdet er uden problematiske stoffer, og at varerne er produceret ansvarligt samt mærket med tydelige og valide certificeringer.<br /><br /><b>Om denne vare</b><br />REMA 1000 creme fraiche-dressing er en god klassisk dressing, som passer til utrolig mange retter. Denne creme fraiche-dressing smager skønt både i pitabrød, på pizza eller på en sprød salat. Fx på en salat af broccoli, rødløg og bacon.", "info": "", "images": [{"small": "https://rema-product-images.digital.rema1000.dk/111939/1-small-zOPlGeam9R.webp", "medium": "https://rema-product-images.digital.rema1000.dk/111939/1-medium-zOPlGeam9R.webp", "large": "https://rema-product-images.digital.rema1000.dk/111939/1-large-zOPlGeam9R.webp"}], "prices": [{"price": 14.95, "price_over_max_quantity": null, "max_quantity": null, "is_advertised": false, "is_campaign": false, "starting_at": "2024-01-04T00:00:00+00:00", "ending_at": "2099-12-31T00:00:00+00:00", "deposit": null, "compare_unit": "kg", "compare_unit_price": 36.46, "consumption_unit": null, "consumption_quantity": null}], "temperature_zone": null, "is_self_scale_item": false, "is_weight_item": false, "is_available_in_all_stores": true, "is_batch_item": false}
{"id": 11240, "name": "KAKAOMÆLK", "underline": "20 CL. / REMA 1000", "age_limit": null, "hazard_precaution_statements": [], "labels": [{"id": 2, "name": "REMA1000", "image": "https://static-assets.digital.rema1000.dk/product/labels/2-64.webp"}, {"id": 95, "name": "Rainforest Alliance", "image": "https://static-assets.digital.rema1000.dk/product/labels/95-64.webp"}], "description": "<b>Discount med holdning</b><br />I REMA 1000 har vi fokus på kvalitet til lave priser og overskriften på vores arbejde er Discount med holdning.<br /> <br />Vi har en klar holdning til alle de varer, vi sælger. Vi stiller ikke kun krav til kvaliteten af vores egne mærkevarer – det er også vigtigt for os, at emballagerne er designet til genanvendelse, at indholdet er uden problematiske stoffer, og at varerne er produceret ansvarligt samt mærket med tydelige og valide certificeringer.<br /> <br /><b>Om denne vare</b><br />REMA 1000 kakaoskummetmælk er mild og rund i smagen. Brik-kakaomælken er perfekt til madpakken eller på turen.", "info": "", "images": [{"small": "https://rema-product-images.digital.rema1000.dk/11240/1-small-rQqQVZD9ea.webp", "medium": "https://rema-product-images.digital.rema1000.dk/11240/1-medium-rQqQVZD9ea.webp", "large": "https://rema-product-images.digital.rema1000.dk/11240/1-large-rQqQVZD9ea.webp"}], "prices": [{"price": 3.75, "price_over_max_quantity": null, "max_quantity": null, "is_advertised": false, "is_campaign": false, "starting_at": "2025-02-03T00:00:00+00:00", "ending_at": "2099-12-31T00:00:00+00:00", "deposit": null, "compare_unit": "ltr", "compare_unit_price": 18.75, "consumption_unit": null, "consumption_quantity": null}], "temperature_zone": "refrigerated_5_degrees_celsius", "is_self_scale_item": false, "is_weight_item": false, "is_available_in_all_stores": true, "is_batch_item": false}
{"id": 112561, "name": "BURGERDRESSING", "underline": "425 GR. / GRAASTEN", "age_limit": null, "hazard_precaution_statements": [], "labels": [], "description": null, "info": "", "images": [{"small": "https://rema-product-images.digital.rema1000.dk/112561/1-small-Z8qpldMyq3.webp", "medium": "https://rema-product-images.digital.rema1000.dk/112561/1-medium-Z8qpldMyq3.webp", "large": "https://rema-product-images.digital.rema1000.dk/112561/1-large-Z8qpldMyq3.webp"}], "prices": [{"price": 19.95, "price_over_max_quantity": null, "max_quantity": null, "is_advertised": false, "is_campaign": false, "starting_at": "2024-01-25T00:00:00+00:00", "ending_at": "2025-10-01T00:00:00+00:00", "deposit": null, "compare_unit": "kg", "compare_unit_price": 46.94, "consumption_unit": null, "consumption_quantity": null}], "temperature_zone": null, "is_self_scale_item": false, "is_weight_item": false, "is_available_in_all_stores": true, "is_batch_item": false}
{"id": 11300, "name": "ØRSKOV FRUGT", "underline": "75 CL. / ÆBLEMOST M/PÆRESAFT", "age_limit": null, "hazard_precaution_statements": [], "labels": [], "description": null, "info": "", "images": [{"small": "https://rema-product-images.digital.rema1000.dk/11300/1-small-xePw0EEow8.webp", "medium": "https://rema-product-images.digital.rema1000.dk/11300/1-medium-xePw0EEow8.webp", "large": "https://rema-product-images.digital.rema1000.dk/11300/1-large-xePw0EEow8.webp"}], "prices": [{"price": 20, "price_over_max_quantity": null, "max_quantity": null, "is_advertised": false, "is_campaign": false, "starting_at": "2024-01-11T00:00:00+00:00", "ending_at": "2099-12-31T00:00:00+00:00", "deposit": 1, "compare_unit": "ltr", "compare_unit_price": 26.67, "consumption_unit": null, "consumption_quantity": null}], "temperature_zone": null, "is_self_scale_item": false, "is_weight_item": false, "is_available_in_all_stores": true, "is_batch_item": false}
{"id": 113209, "name": "SOJASAUCE", "underline": "250 ML. / KIKKOMAN", "age_limit": null, "hazard_precaution_statements": [], "labels": [], "description": null, "info": "", "images": [{"small": "https://rema-product-images.digital.rema1000.dk/113209/1-small-aboK85Dwqp.webp", "medium": "https://rema-product-images.digital.rema1000.dk/113209/1-medium-aboK85Dwqp.webp", "large": "https://rema-product-images.digital.rema1000.dk/113209/1-large-aboK85Dwqp.webp"}], "prices": [{"price": 35.75, "price_over_max_quantity": null, "max_quantity": null, "is_advertised": false, "is_campaign": false, "starting_at": "2024-02-01T00:00:00+00:00", "ending_at": "2025-09-06T00:00:00+00:00", "deposit": null, "compare_unit": "ltr", "compare_unit_price": 143, "consumption_unit": null, "consumption_quantity": null}], "temperature_zone": null, "is_self_scale_item": false, "is_weight_item": false, "is_available_in_all_stores": true, "is_batch_item": false}
{"id": 113510, "name": "TABASCO", "underline": "57 ML. / PEPPER SAUCE", "age_limit": null, "hazard_precaution_statements": [], "labels": [], "description": null, "info": "", "images": [{"small": "https://rema-product-images.digital.rema1000.dk/113510/1-small-Al90Wy6wq8.webp", "medium": "https://rema-product-images.digital.rema1000.dk/113510/1-medium-Al90Wy6wq8.webp", "large": "https://rema-product-images.digital.rema1000.dk/113510/1-large-Al90Wy6wq8.webp"}], "prices": [{"price": 28.95, "price_over_max_quantity": null, "max_quantity": null, "is_advertised": false, "is_campaign": false, "starting_at": "2024-02-01T00:00:00+00:00", "ending_at": "2099-12-31T00:00:00+00:00", "deposit": null, "compare_unit": "ltr", "compare_unit_price": 507.89, "consumption_unit": null, "consumption_quantity": null}], "temperature_zone": null, "is_self_scale_item": false, "is_weight_item": false, "is_available_in_all_stores": true, "is_batch_item": false}
{"id": 11382, "name": "APPELSIN", "underline": "1.5 LTR. / NEKTAR", "age_limit": null, "hazard_precaution_statements": [], "labels": [], "description": null, "info": "", "images": [{"small": "https://rema-product-images.digital.rema1000.dk/11382/1-small-MBoNvWRovA.webp", "medium": "https://rema-product-images.digital.rema1000.dk/11382/1-medium-MBoNvWRovA.webp", "large": "https://rema-product-images.digital.rema1000.dk/11382/1-large-MBoNvWRovA.webp"}], "prices": [{"price": 19.95, "price_over_max_quantity": null, "max_quantity": null, "is_advertised": false, "is_campaign": false, "starting_at": "2025-02-20T00:00:00+00:00", "ending_at": "2099-12-31T00:00:00+00:00", "deposit": null, "compare_unit": "ltr", "compare_unit_price": 13.3, "consumption_unit": null, "consumption_quantity": null}], "temperature_zone": null, "is_self_scale_item": false, "is_weight_item": false, "is_available_in_all_stores": true, "is_batch_item": false}
{"id": 11383, "name": "MULTIFRUGT", "underline": "1.5 LTR. / NEKTAR", "age_limit": null, "hazard_precaution_statements": [], "labels": [], "description": null, "info": "", "images": [{"small": "https://rema-product-images.digital.rema1000.dk/11383/1-small-zOPlQd6oRW.webp", "medium": "https://rema-product-images.digital.rema1000.dk/11383/1-medium-zOPlQd6oRW.webp", "large": "https://rema-product-images.digital.rema1000.dk/11383/1-large-zOPlQd6oRW.webp"}], "prices": [{"price": 13.5, "price_over_max_quantity": null, "max_quantity": null, "is_advertised": false, "is_campaign": false, "starting_at": "2025-02-20T00:00:00+00:00", "ending_at": "2099-12-31T00:00:00+00:00", "deposit": null, "compare_unit": "ltr", "compare_unit_price": 9, "consumption_unit": null, "consumption_quantity": null}], "temperature_zone": null, "is_self_scale_item": false, "is_weight_item": false, "is_available_in_all_stores": true, "is_batch_item": false}
{"id": 118018, "name": "MAYONNAISE", "underline": "395 GR. / HEINZ", "age_limit": null, "hazard_precaution_statements": [], "labels": [], "description": null, "info": "", "images": [{"small": "https://rema-product-images.digital.rema1000.dk/118018/1-small-2B943Vlvqk.webp", "medium": "https://rema-product-images.digital.rema1000.dk/118018/1-medium-2B943Vlvqk.webp", "large": "https://rema-product-images.digital.rema1000.dk/118018/1-large-2B943Vlvqk.webp"}], "prices": [{"price": 20, "price_over_max_quantity": null, "max_quantity": null, "is_advertised": false, "is_campaign": false, "starting_at": "2025-08-07T00:00:00+00:00", "ending_at": "2025-11-15T00:00:00+00:00", "deposit": null, "compare_unit": "kg", "compare_unit_price": 50.63, "consumption_unit": null, "consumption_quantity": null}], "temperature_zone": null, "is_self_scale_item": false, "is_weight_item": false, "is_available_in_all_stores": true, "is_batch_item": true}
{"id": 118400, "name": "SOLSIKKEOLIE", "underline": "1 LTR. / REMA 1000", "age_limit": null, "hazard_precaution_statements": [], "labels": [{"id": 2, "name": "REMA1000", "image": "https://static-assets.digital.rema1000.dk/product/labels/2-64.webp"}, {"id": 40, "name": "Nøglehul", "image": "https://static-assets.digital.rema1000.dk/product/labels/40-64.webp"}], "description": null, "info": "", "images": [{"small": "https://rema-product-images.digital.rema1000.dk/118400/1-small-xePwy2YOqw.webp", "medium": "https://rema-product-images.digital.rema1000.dk/118400/1-medium-xePwy2YOqw.webp", "large": "https://rema-product-images.digital.rema1000.dk/118400/1-large-xePwy2YOqw.webp"}], "prices": [{"price": 18.95, "price_over_max_quantity": null, "max_quantity": null, "is_advertised": false, "is_campaign": false, "starting_at": "2023-06-15T00:00:00+00:00", "ending_at": "2099-12-31T00:00:00+00:00", "deposit": null, "compare_unit": "ltr", "compare_unit_price": 18.95, "consumption_unit": null, "consumption_quantity": null}], "temperature_zone": null, "is_self_scale_item": false, "is_weight_item": false, "is_available_in_all_stores": true, "is_batch_item": false}
{"id": 118401, "name": "RAPSOLIE", "underline": "1 LTR. / REMA 1000", "age_limit": null, "hazard_precaution_statements": [], "labels": [{"id": 2, "name": "REMA1000", "image": "https://static-assets.digital.rema1000.dk/product/labels/2-64.webp"}, {"id": 40, "name": "Nøglehul", "image": "https://static-assets.digital.rema1000.dk/product/labels/40-64.webp"}], "description": null, "info": "", "images": [{"small": "https://rema-product-images.digital.rema1000.dk/118401/1-small-ElPB18gW9k.webp", "medium": "https://rema-product-images.digital.rema1000.dk/118401/1-medium-ElPB18gW9k.webp", "large": "https://rema-product-images.digital.rema1000.dk/118401/1-large-ElPB18gW9k.webp"}], "prices": [{"price": 18.95, "price_over_max_quantity": null, "max_quantity": null, "is_advertised": false, "is_campaign": false, "starting_at": "2023-06-15T00:00:00+00:00", "ending_at": "2099-12-31T00:00:00+00:00", "deposit": null, "compare_unit": "ltr", "compare_unit_price": 18.95, "consumption_unit": null, "consumption_quantity": null}], "temperature_zone": null, "is_self_scale_item": false, "is_weight_item": false, "is_available_in_all_stores": true, "is_batch_item": false}
{"id": 118452, "name": "MANGO KARRY DRESSING", "underline": "250 GR. / REMA 1000", "age_limit": null, "hazard_precaution_statements": [], "labels": [{"id": 2, "name": "REMA1000", "image": "https://static-assets.digital.rema1000.dk/product/labels/2-64.webp"}], "description": "<b>Discount med holdning</b><br />I REMA 1000 har vi fokus på kvalitet til lave priser og overskriften på vores arbejde er Discount med holdning.<br />  <br />Vi har en klar holdning til alle de varer, vi sælger. Vi stiller ikke kun krav til kvaliteten af vores egne mærkevarer – det er også vigtigt for os, at emballagerne er designet til genanvendelse, at indholdet er uden problematiske stoffer, og at varerne er produceret ansvarligt samt mærket med tydelige og valide certificeringer.<br /><br /><b>Om denne vare</b><br />REMA 1000 mango- og karry dressing, er en olie-eddike-dressing med mango og karry. Skøn smagskombination - god som både dip, sauce og dressing.", "info": "", "images": [{"small": "https://rema-product-images.digital.rema1000.dk/118452/1-small-NpP7kxD0PO.webp", "medium": "https://rema-product-images.digital.rema1000.dk/118452/1-medium-NpP7kxD0PO.webp", "large": "https://rema-product-images.digital.rema1000.dk/118452/1-large-NpP7kxD0PO.webp"}], "prices": [{"price": 12.5, "price_over_max_quantity": null, "max_quantity": null, "is_advertised": false, "is_campaign": false, "starting_at": "2024-01-04T00:00:00+00:00", "ending_at": "2099-12-31T00:00:00+00:00", "deposit": null, "compare_unit": "kg", "compare_unit_price": 50, "consumption_unit": null, "consumption_quantity": null}], "temperature_zone": null, "is_self_scale_item": false, "is_weight_item": false, "is_available_in_all_stores": true, "is_batch_item": false}
{"id": 11935, "name": "MULTIJUICE", "underline": "1.5 LTR. / REMA 1000", "age_limit": null, "hazard_precaution_statements": [], "labels": [{"id": 2, "name": "REMA1000", "image": "https://static-assets.digital.rema1000.dk/product/labels/2-64.webp"}], "description": "<b>Discount med holdning</b><br />I REMA 1000 har vi fokus på kvalitet til lave priser og overskriften på vores arbejde er Discount med holdning.<br /> <br />Vi har en klar holdning til alle de varer, vi sælger. Vi stiller ikke kun krav til kvaliteten af vores egne mærkevarer – det er også vigtigt for os, at emballagerne er designet til genanvendelse, at indholdet er uden problematiske stoffer, og at varerne er produceret ansvarligt samt mærket med tydelige og valide certificeringer.<br /> <br /><b>Om denne vare</b><br />REMA 1000 multijuice delvis fra koncentrat er lavet af forskellige eksotiske frugter. Juicen er perfekt til det danske morgenbord og nydes bedst iskold.", "info": "", "images": [{"small": "https://rema-product-images.digital.rema1000.dk/11935/1-small-Gb9k3mE975.webp", "medium": "https://rema-product-images.digital.rema1000.dk/11935/1-medium-Gb9k3mE975.webp", "large": "https://rema-product-images.digital.rema1000.dk/11935/1-large-Gb9k3mE975.webp"}], "prices": [{"price": 16.95, "price_over_max_quantity": null, "max_quantity": null, "is_advertised": false, "is_campaign": false, "starting_at": "2025-02-06T00:00:00+00:00", "ending_at": "2099-12-31T00:00:00+00:00", "deposit": null, "compare_unit": "ltr", "compare_unit_price": 11.3, "consumption_unit": null, "consumption_quantity": null}], "temperature_zone": null, "is_self_scale_item": false, "is_weight_item": false, "is_available_in_all_stores": true, "is_batch_item": false}
{"id": 11938, "name": "BLANDET SAFT", "underline": "1.5 LTR. / REMA 1000", "age_limit": null, "hazard_precaution_statements": [], "labels": [{"id": 2, "name": "REMA1000", "image": "https://static-assets.digital.rema1000.dk/product/labels/2-64.webp"}], "description": "<b>Discount med holdning</b><br />I REMA 1000 har vi fokus på kvalitet til lave priser og overskriften på vores arbejde er Discount med holdning.<br /> <br />Vi har en klar holdning til alle de varer, vi sælger. Vi stiller ikke kun krav til kvaliteten af vores egne mærkevarer – det er også vigtigt for os, at emballagerne er designet til genanvendelse, at indholdet er uden problematiske stoffer, og at varerne er produceret ansvarligt samt mærket med tydelige og valide certificeringer.<br /> <br /><b>Om denne vare</b><br />REMA 1000 blandet saft til opblanding er lavet på saft fra koncentrat af forskellige bær og frugter.", "info": "", "images": [{"small": "https://rema-product-images.digital.rema1000.dk/11938/1-small-MBoN0jg9vA.webp", "medium": "https://rema-product-images.digital.rema1000.dk/11938/1-medium-MBoN0jg9vA.webp", "large": "https://rema-product-images.digital.rema1000.dk/11938/1-large-MBoN0jg9vA.webp"}], "prices": [{"price": 9.95, "price_over_max_quantity": null, "max_quantity": null, "is_advertised": false, "is_campaign": false, "starting_at": "2024-02-22T00:00:00+00:00", "ending_at": "2099-12-31T00:00:00+00:00", "deposit": null, "compare_unit": "ltr", "compare_unit_price": 6.63, "consumption_unit": null, "consumption_quantity": null}], "temperature_zone": null, "is_self_scale_item": false, "is_weight_item": false, "is_available_in_all_stores": true, "is_batch_item": false}
{"id": 120031, "name": "SAMBAL OELEK", "underline": "200 GR. / INSPIRING FOOD", "age_limit": null, "hazard_precaution_statements": [], "labels": [{"id": 2, "name": "REMA1000", "image": "https://static-assets.digital.rema1000.dk/product/labels/2-64.webp"}], "description": "Chilipasta", "info": "", "images": [{"small": "https://rema-product-images.digital.rema1000.dk/120031/1-small-01q23yvv97.webp", "medium": "https://rema-product-images.digital.rema1000.dk/120031/1-medium-01q23yvv97.webp", "large": "https://rema-product-images.digital.rema1000.dk/120031/1-large-01q23yvv97.webp"}], "prices": [{"price": 10.95, "price_over_max_quantity": null, "max_quantity": null, "is_advertised": false, "is_campaign": false, "starting_at": "2023-06-29T00:00:00+00:00", "ending_at": "2099-12-31T00:00:00+00:00", "deposit": null, "compare_unit": "kg", "compare_unit_price": 54.75, "consumption_unit": null, "consumption_quantity": null}], "temperature_zone": null, "is_self_scale_item": false, "is_weight_item": false, "is_available_in_all_stores": true, "is_batch_item": false}
{"id": 120040, "name": "CHILI MAYO", "underline": "255 GR. / INSPIRING FOOD", "age_limit": null, "hazard_precaution_statements": [], "labels": [{"id": 2, "name": "REMA1000", "image": "https://static-assets.digital.rema1000.dk/product/labels/2-64.webp"}], "description": null, "info": "", "images": [{"small": "https://rema-product-images.digital.rema1000.dk/120040/1-small-rQqQlAvKoe.webp", "medium": "https://rema-product-images.digital.rema1000.dk/120040/1-medium-rQqQlAvKoe.webp", "large": "https://rema-product-images.digital.rema1000.dk/120040/1-large-rQqQlAvKoe.webp"}], "prices": [{"price": 15.5, "price_over_max_quantity": null, "max_quantity": null, "is_advertised": false, "is_campaign": false, "starting_at": "2025-07-03T00:00:00+00:00", "ending_at": "2025-08-30T00:00:00+00:00", "deposit": null, "compare_unit": "kg", "compare_unit_price": 60.78, "consumption_unit": null, "consumption_quantity": null}], "temperature_zone": null, "is_self_scale_item": false, "is_weight_item": false, "is_available_in_all_stores": true, "is_batch_item": false}
{"id": 120046, "name": "STÆRK CHILISAUCE", "underline": "210 GR. / INSPIRING FOOD", "age_limit": null, "hazard_precaution_statements": [], "labels": [{"id": 2, "name": "REMA1000", "image": "https://static-assets.digital.rema1000.dk/product/labels/2-64.webp"}], "description": null, "info": "", "images": [{"small": "https://rema-product-images.digital.rema1000.dk/120046/1-small-kAonljvG9x.webp", "medium": "https://rema-product-images.digital.rema1000.dk/120046/1-medium-kAonljvG9x.webp", "large": "https://rema-product-images.digital.rema1000.dk/120046/1-large-kAonljvG9x.webp"}], "prices": [{"price": 8.95, "price_over_max_quantity": null, "max_quantity": null, "is_advertised": false, "is_campaign": false, "starting_at": "2024-10-03T00:00:00+00:00", "ending_at": "2099-12-31T00:00:00+00:00", "deposit": null, "compare_unit": "kg", "compare_unit_price": 42.62, "consumption_unit": null, "consumption_quantity": null}], "temperature_zone": null, "is_self_scale_item": false, "is_weight_item": false, "is_available_in_all_stores": true, "is_batch_item": false}
{"id": 120047, "name": "FRIKADELLE MIX", "underline": "90 GR. / REMA 1000", "age_limit": null, "hazard_precaution_statements": [], "labels": [{"id": 2, "name": "REMA1000", "image": "https://static-assets.digital.rema1000.dk/product/labels/2-64.webp"}], "description": null, "info": "", "images": [{"small": "https://rema-product-images.digital.rema1000.dk/120047/1-small-3MoMVX84q5.webp", "medium": "https://rema-product-images.digital.rema1000.dk/120047/1-medium-3MoMVX84q5.webp", "large": "https://rema-product-images.digital.rema1000.dk/120047/1-large-3MoMVX84q5.webp"}], "prices": [{"price": 6.5, "price_over_max_quantity": null, "max_quantity": null, "is_advertised": false, "is_campaign": false, "starting_at": "2022-06-30T00:00:00+00:00", "ending_at": "2099-12-31T00:00:00+00:00", "deposit": null, "compare_unit": "kg", "compare_unit_price": 72.22, "consumption_unit": null, "consumption_quantity": null}], "temperature_zone": null, "is_self_scale_item": false, "is_weight_item": false, "is_available_in_all_stores": true, "is_batch_item": false}
{"id": 120051, "name": "FISKESAUCE", "underline": "150 ML. / INSPIRING FOOD", "age_limit": null, "hazard_precaution_statements": [], "labels": [{"id": 2, "name": "REMA1000", "image": "https://static-assets.digital.rema1000.dk/product/labels/2-64.webp"}], "description": "<b>Discount med holdning</b><br />I REMA 1000 har vi fokus på kvalitet til lave priser og overskriften på vores arbejde er Discount med holdning.<br />  <br />Vi har en klar holdning til alle de varer, vi sælger. Vi stiller ikke kun krav til kvaliteten af vores egne mærkevarer – det er også vigtigt for os, at emballagerne er designet til genanvendelse, at indholdet er uden problematiske stoffer, og at varerne er produceret ansvarligt samt mærket med tydelige og valide certificeringer.<br /><br /><b>Om denne vare</b><br />REMA 1000 Inspiring Food fiskesauce er velegnet til wokretter, marinade og dressinger. Fiskesauce bruges særligt i det asiatiske køkken, og giver en afstemt saltet smag.", "info": "", "images": [{"small": "https://rema-product-images.digital.rema1000.dk/120051/1-small-v09gyLRDoA.webp", "medium": "https://rema-product-images.digital.rema1000.dk/120051/1-medium-v09gyLRDoA.webp", "large": "https://rema-product-images.digital.rema1000.dk/120051/1-large-v09gyLRDoA.webp"}], "prices": [{"price": 15, "price_over_max_quantity": null, "max_quantity": null, "is_advertised": false, "is_campaign": false, "starting_at": "2021-05-12T00:00:00+00:00", "ending_at": "2099-12-31T00:00:00+00:00", "deposit": null, "compare_unit": "ltr", "compare_unit_price": 100, "consumption_unit": null, "consumption_quantity": null}], "temperature_zone": null, "is_self_scale_item": false, "is_weight_item": false, "is_available_in_all_stores": true, "is_batch_item": false}
{"id": 120057, "name": "KOKOSOLIE", "underline": "250 ML. / INSPIRING FOOD", "age_limit": null, "hazard_precaution_statements": [], "labels": [{"id": 2, "name": "REMA1000", "image": "https://static-assets.digital.rema1000.dk/product/labels/2-64.webp"}], "description": "<b>Discount med holdning</b><br />I REMA 1000 har vi fokus på kvalitet til lave priser og overskriften på vores arbejde er Discount med holdning.<br />  <br />Vi har en klar holdning til alle de varer, vi sælger. Vi stiller ikke kun krav til kvaliteten af vores egne mærkevarer – det er også vigtigt for os, at emballagerne er designet til genanvendelse, at indholdet er uden problematiske stoffer, og at varerne er produceret ansvarligt samt mærket med tydelige og valide certificeringer.<br /><br /><b>Om denne vare</b><br />REMA 1000 Inspiring Food kokosolie er velegnet til friturestegning, stegning og bagning.", "info": "", "images": [{"small": "https://rema-product-images.digital.rema1000.dk/120057/1-small-wyPbj3YWPE.webp", "medium": "https://rema-product-images.digital.rema1000.dk/120057/1-medium-wyPbj3YWPE.webp", "large": "https://rema-product-images.digital.rema1000.dk/120057/1-large-wyPbj3YWPE.webp"}], "prices": [{"price": 29.95, "price_over_max_quantity": null, "max_quantity": null, "is_advertised": false, "is_campaign": false, "starting_at": "2025-05-01T00:00:00+00:00", "ending_at": "2099-12-31T00:00:00+00:00", "deposit": null, "compare_unit": "ltr", "compare_unit_price": 119.8, "consumption_unit": null, "consumption_quantity": null}], "temperature_zone": null, "is_self_scale_item": false, "is_weight_item": false, "is_available_in_all_stores": true, "is_batch_item": false}
{"id": 120062, "name": "SESAMOLIE", "underline": "250 ML. / INSPIRING FOOD", "age_limit": null, "hazard_precaution_statements": [], "labels": [{"id": 2, "name": "REMA1000", "image": "https://static-assets.digital.rema1000.dk/product/labels/2-64.webp"}, {"id": 40, "name": "Nøglehul", "image": "https://static-assets.digital.rema1000.dk/product/labels/40-64.webp"}], "description": "<b>Discount med holdning</b><br />I REMA 1000 har vi fokus på kvalitet til lave priser og overskriften på vores arbejde er Discount med holdning.<br />  <br />Vi har en klar holdning til alle de varer, vi sælger. Vi stiller ikke kun krav til kvaliteten af vores egne mærkevarer – det er også vigtigt for os, at emballagerne er designet til genanvendelse, at indholdet er uden problematiske stoffer, og at varerne er produceret ansvarligt samt mærket med tydelige og valide certificeringer.<br /><br /><b>Om denne vare</b><br />REMA 1000 Inspiring Food sesamolie har en smag af ristede nødder og en mørkgylden farve. Sesamolie er et fast indslag i det mellemøstlige og asiatiske køkken, og bruges bl.a. til stegning og til kolde retter.", "info": "", "images": [{"small": "https://rema-product-images.digital.rema1000.dk/120062/1-small-2B9438b6qk.webp", "medium": "https://rema-product-images.digital.rema1000.dk/120062/1-medium-2B9438b6qk.webp", "large": "https://rema-product-images.digital.rema1000.dk/120062/1-large-2B9438b6qk.webp"}], "prices": [{"price": 24.95, "price_over_max_quantity": null, "max_quantity": null, "is_advertised": false, "is_campaign": false, "starting_at": "2025-05-15T00:00:00+00:00", "ending_at": "2099-12-31T00:00:00+00:00", "deposit": null, "compare_unit": "ltr", "compare_unit_price": 99.8, "consumption_unit": null, "consumption_quantity": null}], "temperature_zone": null, "is_self_scale_item": false, "is_weight_item": false, "is_available_in_all_stores": true, "is_batch_item": false}
{"id": 120103, "name": "MANGO CHUTNEY", "underline": "250 GR. / INSPIRING FOOD", "age_limit": null, "hazard_precaution_statements": [], "labels": [{"id": 2, "name": "REMA1000", "image": "https://static-assets.digital.rema1000.dk/product/labels/2-64.webp"}], "description": null, "info": "", "images": [{"small": "https://rema-product-images.digital.rema1000.dk/120103/1-small-3MoMVXVYq5.webp", "medium": "https://rema-product-images.digital.rema1000.dk/120103/1-medium-3MoMVXVYq5.webp", "large": "https://rema-product-images.digital.rema1000.dk/120103/1-large-3MoMVXVYq5.webp"}], "prices": [{"price": 12.5, "price_over_max_quantity": null, "max_quantity": null, "is_advertised": false, "is_campaign": false, "starting_at": "2025-07-03T00:00:00+00:00", "ending_at": "2099-12-31T00:00:00+00:00", "deposit": null, "compare_unit": "kg", "compare_unit_price": 50, "consumption_unit": null, "consumption_quantity": null}], "temperature_zone": null, "is_self_scale_item": false, "is_weight_item": false, "is_available_in_all_stores": true, "is_batch_item": false}
{"id": 120120, "name": "RISPAPIR", "underline": "100 GR. / INSPIRING FOOD", "age_limit": null, "hazard_precaution_statements": [], "labels": [{"id": 2, "name": "REMA1000", "image": "https://static-assets.digital.rema1000.dk/product/labels/2-64.webp"}], "description": "<b>Discount med holdning</b><br />I REMA 1000 har vi fokus på kvalitet til lave priser og overskriften på vores arbejde er Discount med holdning.<br /> <br />Vi har en klar holdning til alle de varer, vi sælger. Vi stiller ikke kun krav til kvaliteten af vores egne mærkevarer – det er også vigtigt for os, at emballagerne er designet til genanvendelse, at indholdet er uden problematiske stoffer, og at varerne er produceret ansvarligt samt mærket med tydelige og valide certificeringer.<br /><br /><b>Om denne vare</b><br />REMA 1000 Inspiring Food rispapir er velegnet til vietnamesiske forårsruller, hvor du nemt kan lave dine egne friske miniforårsruller på en let og lækker måde.<br /><br /><b>Tilberedning/serveringsforslag</b><br />Dyp rispapiret i en skål med lunken vand i kort tid og lad det dryppe af. Tilsæt herefter fyld på papiret og rul rispapiret.<br /><br />Som fyld kan du bruge grøntsager som spinat, rødkål, gulerødder, agurk og mango eller vælge dine favorit grøntsager. Tilsæt panko-panerede rejer eller kylling, hvis du ønsker kød i dine forårsruller. Server rullerne med en smagfuld asiatisk sauce. ", "info": "", "images": [{"small": "https://rema-product-images.digital.rema1000.dk/120120/1-small-AKqeb1Lj9p.webp", "medium": "https://rema-product-images.digital.rema1000.dk/120120/1-medium-AKqeb1Lj9p.webp", "large": "https://rema-product-images.digital.rema1000.dk/120120/1-large-AKqeb1Lj9p.webp"}], "prices": [{"price": 15, "price_over_max_quantity": null, "max_quantity": null, "is_advertised": false, "is_campaign": false, "starting_at": "2025-02-06T00:00:00+00:00", "ending_at": "2025-09-06T00:00:00+00:00", "deposit": null, "compare_unit": "kg", "compare_unit_price": 150, "consumption_unit": null, "consumption_quantity": null}], "temperature_zone": null, "is_self_scale_item": false, "is_weight_item": false, "is_available_in_all_stores": false, "is_batch_item": false}
{"id": 120122, "name": "PANKO", "underline": "200 GR. / INSPIRING FOOD", "age_limit": null, "hazard_precaution_statements": [], "labels": [{"id": 2, "name": "REMA1000", "image": "https://static-assets.digital.rema1000.dk/product/labels/2-64.webp"}], "description": "<b>Discount med holdning</b><br />I REMA 1000 har vi fokus på kvalitet til lave priser og overskriften på vores arbejde er Discount med holdning.<br />  <br />Vi har en klar holdning til alle de varer, vi sælger. Vi stiller ikke kun krav til kvaliteten af vores egne mærkevarer – det er også vigtigt for os, at emballagerne er designet til genanvendelse, at indholdet er uden problematiske stoffer, og at varerne er produceret ansvarligt samt mærket med tydelige og valide certificeringer.<br /><br /><b>Om denne vare</b><br />REMA 1000 Inspiring Food Panko, er grove hvedebrødskrummer som bruges til panering. Panko panering bruges særligt i det asiatiske køkken, og giver en lækker sprød panering til fx rejer, kylling og grøntsager.", "info": "", "images": [{"small": "https://rema-product-images.digital.rema1000.dk/120122/1-small-pyozdMpp9X.webp", "medium": "https://rema-product-images.digital.rema1000.dk/120122/1-medium-pyozdMpp9X.webp", "large": "https://rema-product-images.digital.rema1000.dk/120122/1-large-pyozdMpp9X.webp"}], "prices": [{"price": 15, "price_over_max_quantity": null, "max_quantity": null, "is_advertised": false, "is_campaign": false, "starting_at": "2025-04-03T00:00:00+00:00", "ending_at": "2025-09-06T00:00:00+00:00", "deposit": null, "compare_unit": "kg", "compare_unit_price": 75, "consumption_unit": null, "consumption_quantity": null}], "temperature_zone": null, "is_self_scale_item": false, "is_weight_item": false, "is_available_in_all_stores": false, "is_batch_item": false}
{"id": 120132, "name": "ØSTERSSAUCE", "underline": "150 ML. / INSPIRING FOOD", "age_limit": null, "hazard_precaution_statements": [], "labels": [{"id": 2, "name": "REMA1000", "image": "https://static-assets.digital.rema1000.dk/product/labels/2-64.webp"}], "description": null, "info": "", "images": [{"small": "https://rema-product-images.digital.rema1000.dk/120132/1-small-nDPWJez69W.webp", "medium": "https://rema-product-images.digital.rema1000.dk/120132/1-medium-nDPWJez69W.webp", "large": "https://rema-product-images.digital.rema1000.dk/120132/1-large-nDPWJez69W.webp"}], "prices": [{"price": 15, "price_over_max_quantity": null, "max_quantity": null, "is_advertised": false, "is_campaign": false, "starting_at": "2022-01-14T00:00:00+00:00", "ending_at": "2099-12-31T00:00:00+00:00", "deposit": null, "compare_unit": "ltr", "compare_unit_price": 100, "consumption_unit": null, "consumption_quantity": null}], "temperature_zone": null, "is_self_scale_item": false, "is_weight_item": false, "is_available_in_all_stores": true, "is_batch_item": false}
{"id": 120133, "name": "DADDELBAR", "underline": "90 GR. / REMA 1000", "age_limit": null, "hazard_precaution_statements": [], "labels": [{"id": 2, "name": "REMA1000", "image": "https://static-assets.digital.rema1000.dk/product/labels/2-64.webp"}], "description": "Glutenfri daddelbar med peanuts og saltkaramelsmag<br />", "info": "", "images": [{"small": "https://rema-product-images.digital.rema1000.dk/120133/1-small-YLPjLO7Wqk.webp", "medium": "https://rema-product-images.digital.rema1000.dk/120133/1-medium-YLPjLO7Wqk.webp", "large": "https://rema-product-images.digital.rema1000.dk/120133/1-large-YLPjLO7Wqk.webp"}], "prices": [{"price": 20, "price_over_max_quantity": null, "max_quantity": null, "is_advertised": false, "is_campaign": false, "starting_at": "2022-11-07T00:00:00+00:00", "ending_at": "2099-12-31T00:00:00+00:00", "deposit": null, "compare_unit": "kg", "compare_unit_price": 222.22, "consumption_unit": null, "consumption_quantity": null}], "temperature_zone": null, "is_self_scale_item": false, "is_weight_item": false, "is_available_in_all_stores": true, "is_batch_item": false}
{"id": 120170, "name": "KOKOSMÆLK LIGHT", "underline": "165 ML. / INSPIRING FOOD", "age_limit": null, "hazard_precaution_statements": [], "labels": [{"id": 2, "name": "REMA1000", "image": "https://static-assets.digital.rema1000.dk/product/labels/2-64.webp"}], "description": null, "info": "", "images": [{"small": "https://rema-product-images.digital.rema1000.dk/120170/1-small-kOq3b5Wno6.webp", "medium": "https://rema-product-images.digital.rema1000.dk/120170/1-medium-kOq3b5Wno6.webp", "large": "https://rema-product-images.digital.rema1000.dk/120170/1-large-kOq3b5Wno6.webp"}], "prices": [{"price": 3.95, "price_over_max_quantity": null, "max_quantity": null, "is_advertised": false, "is_campaign": false, "starting_at": "2025-07-10T00:00:00+00:00", "ending_at": "2099-12-31T00:00:00+00:00", "deposit": null, "compare_unit": "ltr", "compare_unit_price": 23.94, "consumption_unit": null, "consumption_quantity": null}], "temperature_zone": null, "is_self_scale_item": false, "is_weight_item": false, "is_available_in_all_stores": true, "is_batch_item": false}
{"id": 120171, "name": "KOKOSMÆLK", "underline": "400 ML. / INSPIRING FOOD", "age_limit": null, "hazard_precaution_statements": [], "labels": [{"id": 2, "name": "REMA1000", "image": "https://static-assets.digital.rema1000.dk/product/labels/2-64.webp"}], "description": null, "info": "", "images": [{"small": "https://rema-product-images.digital.rema1000.dk/120171/1-small-OW9OVvRyqg.webp", "medium": "https://rema-product-images.digital.rema1000.dk/120171/1-medium-OW9OVvRyqg.webp", "large": "https://rema-product-images.digital.rema1000.dk/120171/1-large-OW9OVvRyqg.webp"}], "prices": [{"price": 8.95, "price_over_max_quantity": null, "max_quantity": null, "is_advertised": false, "is_campaign": false, "starting_at": "2024-10-03T00:00:00+00:00", "ending_at": "2025-10-01T00:00:00+00:00", "deposit": null, "compare_unit": "ltr", "compare_unit_price": 22.38, "consumption_unit": null, "consumption_quantity": null}], "temperature_zone": null, "is_self_scale_item": false, "is_weight_item": false, "is_available_in_all_stores": true, "is_batch_item": false}
{"id": 120185, "name": "TOFU", "underline": "200 GR. / PLANTEKØKKENET", "age_limit": null, "hazard_precaution_statements": [], "labels": [{"id": 2, "name": "REMA1000", "image": "https://static-assets.digital.rema1000.dk/product/labels/2-64.webp"}, {"id": 5, "name": "Økologi", "image": "https://static-assets.digital.rema1000.dk/product/labels/5-64.webp"}], "description": null, "info": "", "images": [{"small": "https://rema-product-images.digital.rema1000.dk/120185/1-small-we9EO5zQog.webp", "medium": "https://rema-product-images.digital.rema1000.dk/120185/1-medium-we9EO5zQog.webp", "large": "https://rema-product-images.digital.rema1000.dk/120185/1-large-we9EO5zQog.webp"}], "prices": [{"price": 16.95, "price_over_max_quantity": null, "max_quantity": null, "is_advertised": false, "is_campaign": false, "starting_at": "2025-07-03T00:00:00+00:00", "ending_at": "2099-12-31T00:00:00+00:00", "deposit": null, "compare_unit": "kg", "compare_unit_price": 84.75, "consumption_unit": null, "consumption_quantity": null}], "temperature_zone": null, "is_self_scale_item": false, "is_weight_item": false, "is_available_in_all_stores": false, "is_batch_item": false}
{"id": 120192, "name": "PASSATA DI POMODORO", "underline": "680 GR. / CUCINA", "age_limit": null, "hazard_precaution_statements": [], "labels": [], "description": null, "info": "", "images": [{"small": "https://rema-product-images.digital.rema1000.dk/120192/1-small-OJq52rjl9p.webp", "medium": "https://rema-product-images.digital.rema1000.dk/120192/1-medium-OJq52rjl9p.webp", "large": "https://rema-product-images.digital.rema1000.dk/120192/1-large-OJq52rjl9p.webp"}], "prices": [{"price": 13.95, "price_over_max_quantity": null, "max_quantity": null, "is_advertised": false, "is_campaign": false, "starting_at": "2022-10-06T00:00:00+00:00", "ending_at": "2025-08-30T00:00:00+00:00", "deposit": null, "compare_unit": "kg", "compare_unit_price": 20.51, "consumption_unit": null, "consumption_quantity": null}], "temperature_zone": null, "is_self_scale_item": false, "is_weight_item": false, "is_available_in_all_stores": true, "is_batch_item": false}
{"id": 120214, "name": "TIKKA MASALA", "underline": "350 GR. / INSPIRING FOOD", "age_limit": null, "hazard_precaution_statements": [], "labels": [{"id": 2, "name": "REMA1000", "image": "https://static-assets.digital.rema1000.dk/product/labels/2-64.webp"}], "description": "<b>Discount med holdning</b><br />I REMA 1000 har vi fokus på kvalitet til lave priser og overskriften på vores arbejde er Discount med holdning.<br />  <br />Vi har en klar holdning til alle de varer, vi sælger. Vi stiller ikke kun krav til kvaliteten af vores egne mærkevarer – det er også vigtigt for os, at emballagerne er designet til genanvendelse, at indholdet er uden problematiske stoffer, og at varerne er produceret ansvarligt samt mærket med tydelige og valide certificeringer.<br /><br /><b>Om denne vare</b><br />REMA 1000 Inspiring Food Tikka Masala sauce er en krydret indiskinspireret sauce - lækker med ris, kylling naanbrød til.<br /><br /><b>Tilberedning/serveringsforslag</b><br />Steg 250 g kylling i strimler, torsk eller lign. Tilsæt REMA 1000 Tikka Masala sauce og varm retten op. Serveres rygende varm med ris og naanbrød.", "info": "", "images": [{"small": "https://rema-product-images.digital.rema1000.dk/120214/1-small-3MovlZgy9A.webp", "medium": "https://rema-product-images.digital.rema1000.dk/120214/1-medium-3MovlZgy9A.webp", "large": "https://rema-product-images.digital.rema1000.dk/120214/1-large-3MovlZgy9A.webp"}], "prices": [{"price": 17.95, "price_over_max_quantity": null, "max_quantity": null, "is_advertised": false, "is_campaign": false, "starting_at": "2024-02-29T00:00:00+00:00", "ending_at": "2025-08-30T00:00:00+00:00", "deposit": null, "compare_unit": "kg", "compare_unit_price": 51.29, "consumption_unit": null, "consumption_quantity": null}], "temperature_zone": null, "is_self_scale_item": false, "is_weight_item": false, "is_available_in_all_stores": true, "is_batch_item": false}
{"id": 120229, "name": "CHILI CON CARNE MIX", "underline": "50 GR. / REMA 1000", "age_limit": null, "hazard_precaution_statements": [], "labels": [{"id": 2, "name": "REMA1000", "image": "https://static-assets.digital.rema1000.dk/product/labels/2-64.webp"}], "description": null, "info": "", "images": [{"small": "https://rema-product-images.digital.rema1000.dk/120229/1-small-pYqxnBA8P1.webp", "medium": "https://rema-product-images.digital.rema1000.dk/120229/1-medium-pYqxnBA8P1.webp", "large": "https://rema-product-images.digital.rema1000.dk/120229/1-large-pYqxnBA8P1.webp"}], "prices": [{"price": 6.95, "price_over_max_quantity": null, "max_quantity": null, "is_advertised": false, "is_campaign": false, "starting_at": "2023-04-20T00:00:00+00:00", "ending_at": "2025-09-06T00:00:00+00:00", "deposit": null, "compare_unit": "kg", "compare_unit_price": 139, "consumption_unit": null, "consumption_quantity": null}], "temperature_zone": null, "is_self_scale_item": false, "is_weight_item": false, "is_available_in_all_stores": true, "is_batch_item": false}
{"id": 120278, "name": "ØKO KOKOSMÆLK", "underline": "400 ML. / INSPIRING FOOD", "age_limit": null, "hazard_precaution_statements": [], "labels": [{"id": 2, "name": "REMA1000", "image": "https://static-assets.digital.rema1000.dk/product/labels/2-64.webp"}, {"id": 5, "name": "Økologi", "image": "https://static-assets.digital.rema1000.dk/product/labels/5-64.webp"}], "description": null, "info": "", "images": [{"small": "https://rema-product-images.digital.rema1000.dk/120278/1-small-yLqGarBGPd.webp", "medium": "https://rema-product-images.digital.rema1000.dk/120278/1-medium-yLqGarBGPd.webp", "large": "https://rema-product-images.digital.rema1000.dk/120278/1-large-yLqGarBGPd.webp"}], "prices": [{"price": 12.95, "price_over_max_quantity": null, "max_quantity": null, "is_advertised": false, "is_campaign": false, "starting_at": "2025-05-22T00:00:00+00:00", "ending_at": "2099-12-31T00:00:00+00:00", "deposit": null, "compare_unit": "ltr", "compare_unit_price": 32.38, "consumption_unit": null, "consumption_quantity": null}], "temperature_zone": null, "is_self_scale_item": false, "is_weight_item": false, "is_available_in_all_stores": true, "is_batch_item": false}
{"id": 120291, "name": "AJVAR", "underline": "350 GR. / INSPIRING FOOD", "age_limit": null, "hazard_precaution_statements": [], "labels": [{"id": 2, "name": "REMA1000", "image": "https://static-assets.digital.rema1000.dk/product/labels/2-64.webp"}], "description": "Puré med rød peberfrugt og aubergine.<br />", "info": "", "images": [{"small": "https://rema-product-images.digital.rema1000.dk/120291/1-small-3MoMVXg7q5.webp", "medium": "https://rema-product-images.digital.rema1000.dk/120291/1-medium-3MoMVXg7q5.webp", "large": "https://rema-product-images.digital.rema1000.dk/120291/1-large-3MoMVXg7q5.webp"}], "prices": [{"price": 15, "price_over_max_quantity": null, "max_quantity": null, "is_advertised": false, "is_campaign": false, "starting_at": "2025-05-15T00:00:00+00:00", "ending_at": "2099-12-31T00:00:00+00:00", "deposit": null, "compare_unit": "kg", "compare_unit_price": 42.86, "consumption_unit": null, "consumption_quantity": null}], "temperature_zone": null, "is_self_scale_item": false, "is_weight_item": false, "is_available_in_all_stores": true, "is_batch_item": false}
{"id": 120296, "name": "SRIRACHA MAYO", "underline": "215 ML. / GO-TAN", "age_limit": null, "hazard_precaution_statements": [], "labels": [], "description": "Sriracha Mayo fra Go-Tan er en cremet mayonnaise med chili, som har en stærk og krydret smag.<br />", "info": "", "images": [{"small": "https://rema-product-images.digital.rema1000.dk/120296/1-small-NpP7k76EPO.webp", "medium": "https://rema-product-images.digital.rema1000.dk/120296/1-medium-NpP7k76EPO.webp", "large": "https://rema-product-images.digital.rema1000.dk/120296/1-large-NpP7k76EPO.webp"}], "prices": [{"price": 22.95, "price_over_max_quantity": null, "max_quantity": null, "is_advertised": false, "is_campaign": false, "starting_at": "2024-06-27T00:00:00+00:00", "ending_at": "2025-09-06T00:00:00+00:00", "deposit": null, "compare_unit": "ltr", "compare_unit_price": 106.74, "consumption_unit": null, "consumption_quantity": null}], "temperature_zone": null, "is_self_scale_item": false, "is_weight_item": false, "is_available_in_all_stores": true, "is_batch_item": false}
{"id": 120312, "name": "PEPPERONI", "underline": "290 GR. / INSPIRING FOOD", "age_limit": null, "hazard_precaution_statements": [], "labels": [{"id": 2, "name": "REMA1000", "image": "https://static-assets.digital.rema1000.dk/product/labels/2-64.webp"}], "description": null, "info": "", "images": [{"small": "https://rema-product-images.digital.rema1000.dk/120312/1-small-18oXzelY9k.webp", "medium": "https://rema-product-images.digital.rema1000.dk/120312/1-medium-18oXzelY9k.webp", "large": "https://rema-product-images.digital.rema1000.dk/120312/1-large-18oXzelY9k.webp"}], "prices": [{"price": 18.95, "price_over_max_quantity": null, "max_quantity": null, "is_advertised": false, "is_campaign": false, "starting_at": "2024-10-17T00:00:00+00:00", "ending_at": "2099-12-31T00:00:00+00:00", "deposit": null, "compare_unit": "kg", "compare_unit_price": 65.34, "consumption_unit": null, "consumption_quantity": null}], "temperature_zone": null, "is_self_scale_item": false, "is_weight_item": false, "is_available_in_all_stores": false, "is_batch_item": false}
{"id": 120326, "name": "TAHIN", "underline": "300 GR. / REMA1000", "age_limit": null, "hazard_precaution_statements": [], "labels": [{"id": 2, "name": "REMA1000", "image": "https://static-assets.digital.rema1000.dk/product/labels/2-64.webp"}], "description": null, "info": "", "images": [{"small": "https://rema-product-images.digital.rema1000.dk/120326/1-small-kOq3b5n4o6.webp", "medium": "https://rema-product-images.digital.rema1000.dk/120326/1-medium-kOq3b5n4o6.webp", "large": "https://rema-product-images.digital.rema1000.dk/120326/1-large-kOq3b5n4o6.webp"}], "prices": [{"price": 23.5, "price_over_max_quantity": null, "max_quantity": null, "is_advertised": false, "is_campaign": false, "starting_at": "2025-07-03T00:00:00+00:00", "ending_at": "2099-12-31T00:00:00+00:00", "deposit": null, "compare_unit": "kg", "compare_unit_price": 78.33, "consumption_unit": null, "consumption_quantity": null}], "temperature_zone": null, "is_self_scale_item": false, "is_weight_item": false, "is_available_in_all_stores": false, "is_batch_item": false}
{"id": 120778, "name": "ARTISKOKKER", "underline": "170 GR. / CUCINA", "age_limit": null, "hazard_precaution_statements": [], "labels": [], "description": null, "info": "", "images": [{"small": "https://rema-product-images.digital.rema1000.dk/120778/1-small-yLqGarvAPd.webp", "medium": "https://rema-product-images.digital.rema1000.dk/120778/1-medium-yLqGarvAPd.webp", "large": "https://rema-product-images.digital.rema1000.dk/120778/1-large-yLqGarvAPd.webp"}], "prices": [{"price": 22.95, "price_over_max_quantity": null, "max_quantity": null, "is_advertised": false, "is_campaign": false, "starting_at": "2025-04-17T00:00:00+00:00", "ending_at": "2099-12-31T00:00:00+00:00", "deposit": null, "compare_unit": "kg", "compare_unit_price": 135, "consumption_unit": null, "consumption_quantity": null}], "temperature_zone": null, "is_self_scale_item": false, "is_weight_item": false, "is_available_in_all_stores": true, "is_batch_item": false}
{"id": 124705, "name": "HP SAUCE", "underline": "450 GR.", "age_limit": null, "hazard_precaution_statements": [], "labels": [], "description": "HP Sauce - den originale brune sauce som siden 1899 har sat standarden for kvalitet. Alles favorit - denne legendariske og unikke smagssensation er resultatet af dedikationen til at finde de bedste ingredienser og at bruge den tæt bevaret hemmelig opskrift. HP Sauce er godt til alting. På dine yndlingsretter inklusive pølser, bacon sandwiches og chips. Eller hvorfor ikke prøve det til snacks som bagte kartofler eller baked beans. Ingen tilsatte farvestoffer, ingen tilsatte konserveringsmidler, ingen tilsatte smagsstoffer.", "info": "", "images": [{"small": "https://rema-product-images.digital.rema1000.dk/124705/1-small-xQq8gbKOoZ.webp", "medium": "https://rema-product-images.digital.rema1000.dk/124705/1-medium-xQq8gbKOoZ.webp", "large": "https://rema-product-images.digital.rema1000.dk/124705/1-large-xQq8gbKOoZ.webp"}], "prices": [{"price": 39.95, "price_over_max_quantity": null, "max_quantity": null, "is_advertised": false, "is_campaign": false, "starting_at": "2023-02-02T00:00:00+00:00", "ending_at": "2099-12-31T00:00:00+00:00", "deposit": null, "compare_unit": "kg", "compare_unit_price": 88.78, "consumption_unit": null, "consumption_quantity": null}], "temperature_zone": null, "is_self_scale_item": false, "is_weight_item": false, "is_available_in_all_stores": false, "is_batch_item": false}
{"id": 128962, "name": "FRUGTPÅLÆG", "underline": "160 GR. / CASTUS, FIGEN", "age_limit": null, "hazard_precaution_statements": [], "labels": [], "description": null, "info": "", "images": [{"small": "https://rema-product-images.digital.rema1000.dk/128962/1-small-2B943XGlqk.webp", "medium": "https://rema-product-images.digital.rema1000.dk/128962/1-medium-2B943XGlqk.webp", "large": "https://rema-product-images.digital.rema1000.dk/128962/1-large-2B943XGlqk.webp"}], "prices": [{"price": 14.25, "price_over_max_quantity": null, "max_quantity": null, "is_advertised": false, "is_campaign": false, "starting_at": "2024-01-31T00:00:00+00:00", "ending_at": "2025-08-30T00:00:00+00:00", "deposit": null, "compare_unit": "kg", "compare_unit_price": 89.06, "consumption_unit": null, "consumption_quantity": null}], "temperature_zone": null, "is_self_scale_item": false, "is_weight_item": false, "is_available_in_all_stores": true, "is_batch_item": false}
{"id": 130049, "name": "NEGLELAKFJERNER", "underline": "200 ML. / REMA 1000 MED PUMPE", "age_limit": null, "hazard_precaution_statements": [], "labels": [{"id": 2, "name": "REMA1000", "image": "https://static-assets.digital.rema1000.dk/product/labels/2-64.webp"}], "description": null, "info": "", "images": [{"small": "https://rema-product-images.digital.rema1000.dk/130049/1-small-xQq8gykLoZ.webp", "medium": "https://rema-product-images.digital.rema1000.dk/130049/1-medium-xQq8gykLoZ.webp", "large": "https://rema-product-images.digital.rema1000.dk/130049/1-large-xQq8gykLoZ.webp"}], "prices": [{"price": 17.95, "price_over_max_quantity": null, "max_quantity": null, "is_advertised": false, "is_campaign": false, "starting_at": "2023-11-30T00:00:00+00:00", "ending_at": "2099-12-31T00:00:00+00:00", "deposit": null, "compare_unit": "ltr", "compare_unit_price": 89.75, "consumption_unit": null, "consumption_quantity": null}], "temperature_zone": null, "is_self_scale_item": false, "is_weight_item": false, "is_available_in_all_stores": true, "is_batch_item": false}
{"id": 130062, "name": "SKUMVASKEKLUDE", "underline": "80 STK. / REMA 1000 HALVE", "age_limit": null, "hazard_precaution_statements": [], "labels": [{"id": 9001, "name": "Avisvare", "image": "https://static-assets.digital.rema1000.dk/product/labels/9001-64.webp"}, {"id": 2, "name": "REMA1000", "image": "https://static-assets.digital.rema1000.dk/product/labels/2-64.webp"}, {"id": 42, "name": "Svanemærket", "image": "https://static-assets.digital.rema1000.dk/product/labels/42-64.webp"}, {"id": 87, "name": "Asthma Allergy Nordic", "image": "https://static-assets.digital.rema1000.dk/product/labels/87-64.webp"}], "description": "Ekstra bløde halve skumvaskeklude, som er behagelige og skånsomme for babys hud. De bløde skumvaskeklude er ideelle til vask efter bleskift eller som vaskeklud. De er naturligvis uden parfume og sæbe, og så bærer de Oeko Tex Standard 100-certificeringen og Svanemærket, som er din garanti for, at de er blandt de mest miljøvenlige produkter pa° markedet.  Størrelse: 19x9,5 cm, Tykkelse: 3,5 mm. Vaskekludene vokser ca. 25 % i våd tilstand.  Sortér emballagen som plast! Emballagen er lavet af genbrugsmateriale og skal sorteres som plast, når pakken er tom. Kom ikke skumvaskekludene i toilettet eller afløbet, men brug en affaldspose. ", "info": "", "images": [{"small": "https://rema-product-images.digital.rema1000.dk/130062/1-small-2B943e0lqk.webp", "medium": "https://rema-product-images.digital.rema1000.dk/130062/1-medium-2B943e0lqk.webp", "large": "https://rema-product-images.digital.rema1000.dk/130062/1-large-2B943e0lqk.webp"}], "prices": [{"price": 8, "price_over_max_quantity": null, "max_quantity": null, "is_advertised": true, "is_campaign": true, "starting_at": "2025-08-17T00:00:00+00:00", "ending_at": "2025-08-23T00:00:00+00:00", "deposit": null, "compare_unit": "stk", "compare_unit_price": 0.1, "consumption_unit": null, "consumption_quantity": null}, {"price": 12.95, "price_over_max_quantity": null, "max_quantity": null, "is_advertised": false, "is_campaign": false, "starting_at": "2025-08-24T00:00:00+00:00", "ending_at": "2099-12-31T00:00:00+00:00", "deposit": null, "compare_unit": "stk", "compare_unit_price": 0.16, "consumption_unit": null, "consumption_quantity": null}], "temperature_zone": null, "is_self_scale_item": false, "is_weight_item": false, "is_available_in_all_stores": true, "is_batch_item": false}
{"id": 130065, "name": "SHOWER GEL", "underline": "375 ML. / REMA 1000 PARFUMEFRI", "age_limit": null, "hazard_precaution_statements": [], "labels": [{"id": 2, "name": "REMA1000", "image": "https://static-assets.digital.rema1000.dk/product/labels/2-64.webp"}, {"id": 42, "name": "Svanemærket", "image": "https://static-assets.digital.rema1000.dk/product/labels/42-64.webp"}, {"id": 87, "name": "Asthma Allergy Nordic", "image": "https://static-assets.digital.rema1000.dk/product/labels/87-64.webp"}], "description": null, "info": "", "images": [{"small": "https://rema-product-images.digital.rema1000.dk/130065/1-small-bJ9Ya1ya9L.webp", "medium": "https://rema-product-images.digital.rema1000.dk/130065/1-medium-bJ9Ya1ya9L.webp", "large": "https://rema-product-images.digital.rema1000.dk/130065/1-large-bJ9Ya1ya9L.webp"}], "prices": [{"price": 10.25, "price_over_max_quantity": null, "max_quantity": null, "is_advertised": false, "is_campaign": false, "starting_at": "2023-11-30T00:00:00+00:00", "ending_at": "2099-12-31T00:00:00+00:00", "deposit": null, "compare_unit": "ltr", "compare_unit_price": 27.33, "consumption_unit": null, "consumption_quantity": null}], "temperature_zone": null, "is_self_scale_item": false, "is_weight_item": false, "is_available_in_all_stores": true, "is_batch_item": false}
{"id": 130066, "name": "BODYLOTION", "underline": "375 ML. / REMA 1000 PARFUMEFRI", "age_limit": null, "hazard_precaution_statements": [], "labels": [{"id": 2, "name": "REMA1000", "image": "https://static-assets.digital.rema1000.dk/product/labels/2-64.webp"}, {"id": 42, "name": "Svanemærket", "image": "https://static-assets.digital.rema1000.dk/product/labels/42-64.webp"}, {"id": 87, "name": "Asthma Allergy Nordic", "image": "https://static-assets.digital.rema1000.dk/product/labels/87-64.webp"}], "description": null, "info": "", "images": [{"small": "https://rema-product-images.digital.rema1000.dk/130066/1-small-pyozdYNp9X.webp", "medium": "https://rema-product-images.digital.rema1000.dk/130066/1-medium-pyozdYNp9X.webp", "large": "https://rema-product-images.digital.rema1000.dk/130066/1-large-pyozdYNp9X.webp"}], "prices": [{"price": 16, "price_over_max_quantity": null, "max_quantity": null, "is_advertised": false, "is_campaign": false, "starting_at": "2022-10-13T00:00:00+00:00", "ending_at": "2099-12-31T00:00:00+00:00", "deposit": null, "compare_unit": "ltr", "compare_unit_price": 42.67, "consumption_unit": null, "consumption_quantity": null}], "temperature_zone": null, "is_self_scale_item": false, "is_weight_item": false, "is_available_in_all_stores": true, "is_batch_item": false}
{"id": 130075, "name": "ANSIGTSCREME", "underline": "50 ML. / REMA 1000 PARFUMEFRI", "age_limit": null, "hazard_precaution_statements": [], "labels": [{"id": 2, "name": "REMA1000", "image": "https://static-assets.digital.rema1000.dk/product/labels/2-64.webp"}, {"id": 42, "name": "Svanemærket", "image": "https://static-assets.digital.rema1000.dk/product/labels/42-64.webp"}, {"id": 87, "name": "Asthma Allergy Nordic", "image": "https://static-assets.digital.rema1000.dk/product/labels/87-64.webp"}], "description": null, "info": "", "images": [{"small": "https://rema-product-images.digital.rema1000.dk/130075/1-small-01q234Rd97.webp", "medium": "https://rema-product-images.digital.rema1000.dk/130075/1-medium-01q234Rd97.webp", "large": "https://rema-product-images.digital.rema1000.dk/130075/1-large-01q234Rd97.webp"}], "prices": [{"price": 19.95, "price_over_max_quantity": null, "max_quantity": null, "is_advertised": false, "is_campaign": false, "starting_at": "2023-06-01T00:00:00+00:00", "ending_at": "2099-12-31T00:00:00+00:00", "deposit": null, "compare_unit": "ltr", "compare_unit_price": 399, "consumption_unit": null, "consumption_quantity": null}], "temperature_zone": null, "is_self_scale_item": false, "is_weight_item": false, "is_available_in_all_stores": true, "is_batch_item": false}
{"id": 130076, "name": "KIDS SHAMPOO", "underline": "225 ML. / REMA 1000 PARFUMEFRI", "age_limit": null, "hazard_precaution_statements": [], "labels": [{"id": 2, "name": "REMA1000", "image": "https://static-assets.digital.rema1000.dk/product/labels/2-64.webp"}, {"id": 42, "name": "Svanemærket", "image": "https://static-assets.digital.rema1000.dk/product/labels/42-64.webp"}, {"id": 87, "name": "Asthma Allergy Nordic", "image": "https://static-assets.digital.rema1000.dk/product/labels/87-64.webp"}], "description": "Parfumefri shampoo til familiens mindste. Shampooen er tilpasset barnets sarte hud og er naturligvis  både Svanemærket og allergicertificeret med Asthma Allergy Nordic. Shampooen er desuden vegansk.  Sortér som plast! Flasken er i 100 % genanvendt materiale og skal sorteres som plast.  Adskil låget fra flasken. Skyl let. Begge dele sorteres som plast.  Sådan gør du: Gør håret vådt. Massér en lille mængde shampoo godt ind i håret. Sørg for, at dit barn ikke får  shampoo i øjnene. Skyl herefter håret grundigt med vand.", "info": "", "images": [{"small": "https://rema-product-images.digital.rema1000.dk/130076/1-small-nDPWJ1G69W.webp", "medium": "https://rema-product-images.digital.rema1000.dk/130076/1-medium-nDPWJ1G69W.webp", "large": "https://rema-product-images.digital.rema1000.dk/130076/1-large-nDPWJ1G69W.webp"}], "prices": [{"price": 11.95, "price_over_max_quantity": null, "max_quantity": null, "is_advertised": false, "is_campaign": false, "starting_at": "2023-06-01T00:00:00+00:00", "ending_at": "2099-12-31T00:00:00+00:00", "deposit": null, "compare_unit": "ltr", "compare_unit_price": 53.11, "consumption_unit": null, "consumption_quantity": null}], "temperature_zone": null, "is_self_scale_item": false, "is_weight_item": false, "is_available_in_all_stores": true, "is_batch_item": false}
{"id": 130077, "name": "KIDS BADESÆBE", "underline": "225 ML. / REMA 1000 PARFUMEFRI", "age_limit": null, "hazard_precaution_statements": [], "labels": [{"id": 2, "name": "REMA1000", "image": "https://static-assets.digital.rema1000.dk/product/labels/2-64.webp"}, {"id": 42, "name": "Svanemærket", "image": "https://static-assets.digital.rema1000.dk/product/labels/42-64.webp"}, {"id": 87, "name": "Asthma Allergy Nordic", "image": "https://static-assets.digital.rema1000.dk/product/labels/87-64.webp"}], "description": "Parfumefri badesæbe til familiens mindste. Badesæben er tilpasset barnets sarte hud og er naturligvis  både Svanemærket og allergicertificeret med Asthma Allergy Nordic. Badesæben er desuden vegansk.  Sortér som plast!Flasken er i 100 % genanvendt materiale og skal sorteres som plast.  Adskil låget fra flasken. Skyl let. Begge dele sorteres som plast.  Sådan gør du: Brug en passende mængde badesæbe. Bruges badesæben i badekar skal badesæben være blandet  godt i vandet, inden barnet kommer i. Skyl dit barn grundigt med rent vand efter. ", "info": "", "images": [{"small": "https://rema-product-images.digital.rema1000.dk/130077/1-small-YLPjL8NWqk.webp", "medium": "https://rema-product-images.digital.rema1000.dk/130077/1-medium-YLPjL8NWqk.webp", "large": "https://rema-product-images.digital.rema1000.dk/130077/1-large-YLPjL8NWqk.webp"}], "prices": [{"price": 11.95, "price_over_max_quantity": null, "max_quantity": null, "is_advertised": false, "is_campaign": false, "starting_at": "2023-06-01T00:00:00+00:00", "ending_at": "2099-12-31T00:00:00+00:00", "deposit": null, "compare_unit": "ltr", "compare_unit_price": 53.11, "consumption_unit": null, "consumption_quantity": null}], "temperature_zone": null, "is_self_scale_item": false, "is_weight_item": false, "is_available_in_all_stores": true, "is_batch_item": false}
{"id": 130085, "name": "KIDS LOTION", "underline": "225 ML. / REMA 1000 PARFUMEFRI", "age_limit": null, "hazard_precaution_statements": [], "labels": [{"id": 2, "name": "REMA1000", "image": "https://static-assets.digital.rema1000.dk/product/labels/2-64.webp"}, {"id": 42, "name": "Svanemærket", "image": "https://static-assets.digital.rema1000.dk/product/labels/42-64.webp"}, {"id": 87, "name": "Asthma Allergy Nordic", "image": "https://static-assets.digital.rema1000.dk/product/labels/87-64.webp"}], "description": "Parfumefri bodylotion til familiens mindste. Bodylotionen er tilpasset barnets sarte hud og er naturligvis  både Svanemærket og allergicertificeret med Asthma Allergy Nordic. Bodylotionen er desuden vegansk.  Sortér som plast! Flasken er i 100 % genanvendt materiale og skal sorteres som plast.  Adskil låget fra flasken. Skyl let. Begge dele sorteres som plast.  Sådan gør du: Brug en lille mængde bodylotion til at smøre barnets hud forsigtigt ind. For at forebygge tør hud kan  lotion bruges dagligt og efter hvert bad. ", "info": "", "images": [{"small": "https://rema-product-images.digital.rema1000.dk/130085/1-small-we9EOyMQog.webp", "medium": "https://rema-product-images.digital.rema1000.dk/130085/1-medium-we9EOyMQog.webp", "large": "https://rema-product-images.digital.rema1000.dk/130085/1-large-we9EOyMQog.webp"}], "prices": [{"price": 12.95, "price_over_max_quantity": null, "max_quantity": null, "is_advertised": false, "is_campaign": false, "starting_at": "2021-07-01T00:00:00+00:00", "ending_at": "2099-12-31T00:00:00+00:00", "deposit": null, "compare_unit": "ltr", "compare_unit_price": 57.56, "consumption_unit": null, "consumption_quantity": null}], "temperature_zone": null, "is_self_scale_item": false, "is_weight_item": false, "is_available_in_all_stores": true, "is_batch_item": false}
{"id": 130086, "name": "HÅNDCREME", "underline": "100 ML. / REMA 1000", "age_limit": null, "hazard_precaution_statements": [], "labels": [{"id": 2, "name": "REMA1000", "image": "https://static-assets.digital.rema1000.dk/product/labels/2-64.webp"}], "description": null, "info": "", "images": [{"small": "https://rema-product-images.digital.rema1000.dk/130086/1-small-A4Py0eNR9L.webp", "medium": "https://rema-product-images.digital.rema1000.dk/130086/1-medium-A4Py0eNR9L.webp", "large": "https://rema-product-images.digital.rema1000.dk/130086/1-large-A4Py0eNR9L.webp"}], "prices": [{"price": 9.75, "price_over_max_quantity": null, "max_quantity": null, "is_advertised": false, "is_campaign": false, "starting_at": "2022-04-14T00:00:00+00:00", "ending_at": "2099-12-31T00:00:00+00:00", "deposit": null, "compare_unit": "ltr", "compare_unit_price": 97.5, "consumption_unit": null, "consumption_quantity": null}], "temperature_zone": null, "is_self_scale_item": false, "is_weight_item": false, "is_available_in_all_stores": true, "is_batch_item": false}
{"id": 130091, "name": "BARBERBLADE", "underline": "4 STK. / REMA 1000", "age_limit": null, "hazard_precaution_statements": [], "labels": [{"id": 2, "name": "REMA1000", "image": "https://static-assets.digital.rema1000.dk/product/labels/2-64.webp"}], "description": "Barberblade 5-bladet med trimmer. Æske med 4 stk. Lubra stribe med Vitamin E og Aloe for komfort.", "info": "", "images": [{"small": "https://rema-product-images.digital.rema1000.dk/130091/1-small-3MoMVyKYq5.webp", "medium": "https://rema-product-images.digital.rema1000.dk/130091/1-medium-3MoMVyKYq5.webp", "large": "https://rema-product-images.digital.rema1000.dk/130091/1-large-3MoMVyKYq5.webp"}], "prices": [{"price": 48.95, "price_over_max_quantity": null, "max_quantity": null, "is_advertised": false, "is_campaign": false, "starting_at": "2023-11-16T00:00:00+00:00", "ending_at": "2099-12-31T00:00:00+00:00", "deposit": null, "compare_unit": "stk", "compare_unit_price": 12.24, "consumption_unit": null, "consumption_quantity": null}], "temperature_zone": null, "is_self_scale_item": false, "is_weight_item": false, "is_available_in_all_stores": true, "is_batch_item": false}
{"id": 130092, "name": "BARBERSKRABER", "underline": "1 STK. / REMA 1000", "age_limit": null, "hazard_precaution_statements": [], "labels": [{"id": 2, "name": "REMA1000", "image": "https://static-assets.digital.rema1000.dk/product/labels/2-64.webp"}], "description": "5-bladet barberskraber med trimmer og vippehoved. Gummi håndtag for bedre greb. Lubra stribe med Vitamin E og Aloe for komfort.", "info": "", "images": [{"small": "https://rema-product-images.digital.rema1000.dk/130092/1-small-OJq52YRl9p.webp", "medium": "https://rema-product-images.digital.rema1000.dk/130092/1-medium-OJq52YRl9p.webp", "large": "https://rema-product-images.digital.rema1000.dk/130092/1-large-OJq52YRl9p.webp"}], "prices": [{"price": 38.95, "price_over_max_quantity": null, "max_quantity": null, "is_advertised": false, "is_campaign": false, "starting_at": "2023-11-16T00:00:00+00:00", "ending_at": "2099-12-31T00:00:00+00:00", "deposit": null, "compare_unit": "stk", "compare_unit_price": 38.95, "consumption_unit": null, "consumption_quantity": null}], "temperature_zone": null, "is_self_scale_item": false, "is_weight_item": false, "is_available_in_all_stores": true, "is_batch_item": false}
{"id": 130096, "name": "BARBERSKUM", "underline": "200 ML. / REMA 1000 PARFUMEFRI", "age_limit": null, "hazard_precaution_statements": ["Yderst brandfarlig aerosol.", "Beholder under tryk. Kan sprænges ved opvarmning.", "Opbevares utilgængeligt for børn.", "Holdes væk fra varme, varme overflader, gnister, åben ild og andre antændelseskilder. Rygning forbudt.", "Spray ikke mod åben ild eller andre antændelseskilder.", "Må ikke punkteres eller brændes, heller ikke efter brug.", "Beskyttes mod sollys. Må ikke udsættes for en temperatur, som overstiger 50 °C/122 °F."], "labels": [{"id": 2, "name": "REMA1000", "image": "https://static-assets.digital.rema1000.dk/product/labels/2-64.webp"}, {"id": 42, "name": "Svanemærket", "image": "https://static-assets.digital.rema1000.dk/product/labels/42-64.webp"}, {"id": 87, "name": "Asthma Allergy Nordic", "image": "https://static-assets.digital.rema1000.dk/product/labels/87-64.webp"}], "description": null, "info": "", "images": [{"small": "https://rema-product-images.digital.rema1000.dk/130096/1-small-NpP7kyDNPO.webp", "medium": "https://rema-product-images.digital.rema1000.dk/130096/1-medium-NpP7kyDNPO.webp", "large": "https://rema-product-images.digital.rema1000.dk/130096/1-large-NpP7kyDNPO.webp"}], "prices": [{"price": 19.95, "price_over_max_quantity": null, "max_quantity": null, "is_advertised": false, "is_campaign": false, "starting_at": "2023-08-31T00:00:00+00:00", "ending_at": "2025-08-30T00:00:00+00:00", "deposit": null, "compare_unit": "ltr", "compare_unit_price": 99.75, "consumption_unit": null, "consumption_quantity": null}], "temperature_zone": null, "is_self_scale_item": false, "is_weight_item": false, "is_available_in_all_stores": true, "is_batch_item": false}
{"id": 130107, "name": "INTIMSÆBE", "underline": "250 ML. / REMA 1000 PARFUMEFRI", "age_limit": null, "hazard_precaution_statements": [], "labels": [{"id": 2, "name": "REMA1000", "image": "https://static-assets.digital.rema1000.dk/product/labels/2-64.webp"}, {"id": 42, "name": "Svanemærket", "image": "https://static-assets.digital.rema1000.dk/product/labels/42-64.webp"}, {"id": 87, "name": "Asthma Allergy Nordic", "image": "https://static-assets.digital.rema1000.dk/product/labels/87-64.webp"}], "description": null, "info": "", "images": [{"small": "https://rema-product-images.digital.rema1000.dk/130107/1-small-v09gyn8GoA.webp", "medium": "https://rema-product-images.digital.rema1000.dk/130107/1-medium-v09gyn8GoA.webp", "large": "https://rema-product-images.digital.rema1000.dk/130107/1-large-v09gyn8GoA.webp"}], "prices": [{"price": 13.95, "price_over_max_quantity": null, "max_quantity": null, "is_advertised": false, "is_campaign": false, "starting_at": "2021-05-13T00:00:00+00:00", "ending_at": "2025-08-30T00:00:00+00:00", "deposit": null, "compare_unit": "ltr", "compare_unit_price": 55.8, "consumption_unit": null, "consumption_quantity": null}], "temperature_zone": null, "is_self_scale_item": false, "is_weight_item": false, "is_available_in_all_stores": true, "is_batch_item": false}
{"id": 130153, "name": "ANSIGTSRONDELLER", "underline": "10 STK. / GENANVENDELIGE", "age_limit": null, "hazard_precaution_statements": [], "labels": [], "description": "Diameter: 8 cm pr ansigtsrondel", "info": "", "images": [{"small": "https://rema-product-images.digital.rema1000.dk/130153/1-small-aboK8yA8qp.webp", "medium": "https://rema-product-images.digital.rema1000.dk/130153/1-medium-aboK8yA8qp.webp", "large": "https://rema-product-images.digital.rema1000.dk/130153/1-large-aboK8yA8qp.webp"}], "prices": [{"price": 39, "price_over_max_quantity": null, "max_quantity": null, "is_advertised": false, "is_campaign": false, "starting_at": "2020-07-21T00:00:00+00:00", "ending_at": "2099-12-31T00:00:00+00:00", "deposit": null, "compare_unit": "stk", "compare_unit_price": 3.9, "consumption_unit": null, "consumption_quantity": null}], "temperature_zone": null, "is_self_scale_item": false, "is_weight_item": false, "is_available_in_all_stores": true, "is_batch_item": false}
{"id": 130224, "name": "ANTIGEN COVID 19 TEST", "underline": "1 STK. / BOSON", "age_limit": null, "hazard_precaution_statements": [], "labels": [], "description": "Boson SARS-CoV-2 er CE godkendt (CE 0123) og beregnet til privat brug. SARS-CoV-2-antigen-hurtigtesten er en éttrins-in-vitro-test baseret på immunokromatografi.  Den er udviklet til hurtig kvalitativ bestemmelse af SARS-CoV-2-virus-antigen i podeprøver taget forrest i næsen fra personer med mistænkt Covid-19-infektion inden for de første syv dage efter optræden af symptomerne. SARS-CoV-2-antigen-hurtigtesten må ikke benyttes som eneste grundlag for diagnose eller udelukkelse af en SARS-CoV-2-infektion.", "info": "", "images": [{"small": "https://rema-product-images.digital.rema1000.dk/130224/1-small-vXodjEJv93.webp", "medium": "https://rema-product-images.digital.rema1000.dk/130224/1-medium-vXodjEJv93.webp", "large": "https://rema-product-images.digital.rema1000.dk/130224/1-large-vXodjEJv93.webp"}], "prices": [{"price": 25, "price_over_max_quantity": null, "max_quantity": null, "is_advertised": false, "is_campaign": false, "starting_at": "2022-01-04T00:00:00+00:00", "ending_at": "2099-12-31T00:00:00+00:00", "deposit": null, "compare_unit": "stk", "compare_unit_price": 25, "consumption_unit": null, "consumption_quantity": null}], "temperature_zone": null, "is_self_scale_item": false, "is_weight_item": false, "is_available_in_all_stores": false, "is_batch_item": false}
{"id": 130227, "name": "LOMMELETTER", "underline": "72 STK. / KLEENEX ORIGINAL BOKS", "age_limit": null, "hazard_precaution_statements": [], "labels": [], "description": "Kleenex Original Boks, blød og stærk hverdags-papirserviet. Til hverdags-brug.", "info": "", "images": [{"small": "https://rema-product-images.digital.rema1000.dk/130227/1-small-OW9OVNlLqg.webp", "medium": "https://rema-product-images.digital.rema1000.dk/130227/1-medium-OW9OVNlLqg.webp", "large": "https://rema-product-images.digital.rema1000.dk/130227/1-large-OW9OVNlLqg.webp"}], "prices": [{"price": 11.95, "price_over_max_quantity": null, "max_quantity": null, "is_advertised": false, "is_campaign": false, "starting_at": "2024-10-24T00:00:00+00:00", "ending_at": "2099-12-31T00:00:00+00:00", "deposit": null, "compare_unit": "stk", "compare_unit_price": 0.17, "consumption_unit": null, "consumption_quantity": null}], "temperature_zone": null, "is_self_scale_item": false, "is_weight_item": false, "is_available_in_all_stores": true, "is_batch_item": false}
{"id": 130248, "name": "ANSIGTSSERVIETTER", "underline": "100 STK. / REMA 1000", "age_limit": null, "hazard_precaution_statements": [], "labels": [{"id": 2, "name": "REMA1000", "image": "https://static-assets.digital.rema1000.dk/product/labels/2-64.webp"}, {"id": 42, "name": "Svanemærket", "image": "https://static-assets.digital.rema1000.dk/product/labels/42-64.webp"}], "description": "3-lags 20x21 cm", "info": "", "images": [{"small": "https://rema-product-images.digital.rema1000.dk/130248/1-small-OJq52Y1R9p.webp", "medium": "https://rema-product-images.digital.rema1000.dk/130248/1-medium-OJq52Y1R9p.webp", "large": "https://rema-product-images.digital.rema1000.dk/130248/1-large-OJq52Y1R9p.webp"}], "prices": [{"price": 9.95, "price_over_max_quantity": null, "max_quantity": null, "is_advertised": false, "is_campaign": false, "starting_at": "2023-12-19T00:00:00+00:00", "ending_at": "2025-09-06T00:00:00+00:00", "deposit": null, "compare_unit": "stk", "compare_unit_price": 0.1, "consumption_unit": null, "consumption_quantity": null}], "temperature_zone": null, "is_self_scale_item": false, "is_weight_item": false, "is_available_in_all_stores": true, "is_batch_item": false}
{"id": 130297, "name": "ENGANGSSKRABER", "underline": "10 STK. / REMA 1000 2 BLADE", "age_limit": null, "hazard_precaution_statements": [], "labels": [{"id": 2, "name": "REMA1000", "image": "https://static-assets.digital.rema1000.dk/product/labels/2-64.webp"}], "description": "2 blade, fast hoved, plastik greb.  Rustfrit stål. Lubra stribe med Vitamin E og Aloe Vera for komfort.", "info": "", "images": [{"small": "https://rema-product-images.digital.rema1000.dk/130297/1-small-aboK8yVVqp.webp", "medium": "https://rema-product-images.digital.rema1000.dk/130297/1-medium-aboK8yVVqp.webp", "large": "https://rema-product-images.digital.rema1000.dk/130297/1-large-aboK8yVVqp.webp"}], "prices": [{"price": 9.95, "price_over_max_quantity": null, "max_quantity": null, "is_advertised": false, "is_campaign": false, "starting_at": "2019-11-06T00:00:00+00:00", "ending_at": "2099-12-31T00:00:00+00:00", "deposit": null, "compare_unit": "stk", "compare_unit_price": 1, "consumption_unit": null, "consumption_quantity": null}], "temperature_zone": null, "is_self_scale_item": false, "is_weight_item": false, "is_available_in_all_stores": true, "is_batch_item": false}
{"id": 130300, "name": "DEO SPRAY", "underline": "150 ML. / AXE MARINE", "age_limit": null, "hazard_precaution_statements": ["Yderst brandfarlig aerosol.", "Beholder under tryk. Kan sprænges ved opvarmning.", "Holdes væk fra varme, varme overflader, gnister, åben ild og andre antændelseskilder. Rygning forbudt.", "Spray ikke mod åben ild eller andre antændelseskilder.", "Må ikke punkteres eller brændes, heller ikke efter brug.", "Beskyttes mod sollys. Må ikke udsættes for en temperatur, som overstiger 50 °C/122 °F.", "Opbevares utilgængeligt for børn."], "labels": [], "description": "Tag din friskhed til det næste niveau, og nyd den hver dag, for du ved aldrig, hvad en ny dag vil bringe. Axe Marine Deodorant Bodyspray er en frisk aromatisk deodorant, der kan bruges over hele kroppen. ", "info": "", "images": [{"small": "https://rema-product-images.digital.rema1000.dk/130300/1-small-xePwy4Gvqw.webp", "medium": "https://rema-product-images.digital.rema1000.dk/130300/1-medium-xePwy4Gvqw.webp", "large": "https://rema-product-images.digital.rema1000.dk/130300/1-large-xePwy4Gvqw.webp"}], "prices": [{"price": 22, "price_over_max_quantity": null, "max_quantity": null, "is_advertised": false, "is_campaign": false, "starting_at": "2025-02-20T00:00:00+00:00", "ending_at": "2099-12-31T00:00:00+00:00", "deposit": null, "compare_unit": "ltr", "compare_unit_price": 146.67, "consumption_unit": null, "consumption_quantity": null}], "temperature_zone": null, "is_self_scale_item": false, "is_weight_item": false, "is_available_in_all_stores": true, "is_batch_item": false}
{"id": 130325, "name": "RENSESERVIETTER", "underline": "25 STK. / WETWIPE PARFUMEFRI TIL ANSIGT", "age_limit": null, "hazard_precaution_statements": [], "labels": [{"id": 87, "name": "Asthma Allergy Nordic", "image": "https://static-assets.digital.rema1000.dk/product/labels/87-64.webp"}], "description": "Parfumefri renseservietter i 100% viscose. Anvendes til daglig afrensning af ansigtet. Størrelsen er 15 x 20 cm og pakken indeholder 25 wipes.", "info": "", "images": [{"small": "https://rema-product-images.digital.rema1000.dk/130325/1-small-Ea91ZpVRPz.webp", "medium": "https://rema-product-images.digital.rema1000.dk/130325/1-medium-Ea91ZpVRPz.webp", "large": "https://rema-product-images.digital.rema1000.dk/130325/1-large-Ea91ZpVRPz.webp"}], "prices": [{"price": 10, "price_over_max_quantity": null, "max_quantity": null, "is_advertised": false, "is_campaign": false, "starting_at": "2024-02-14T00:00:00+00:00", "ending_at": "2099-12-31T00:00:00+00:00", "deposit": null, "compare_unit": "stk", "compare_unit_price": 0.4, "consumption_unit": null, "consumption_quantity": null}], "temperature_zone": null, "is_self_scale_item": false, "is_weight_item": false, "is_available_in_all_stores": true, "is_batch_item": false}
{"id": 130387, "name": "DEO ROLL-ON", "underline": "50 ML. / REXONA BIORYTHM", "age_limit": null, "hazard_precaution_statements": [], "labels": [], "description": "Rexona Biorythm Roll-on Deodorant er en anti-perspirant med en klassisk blomsterduft, som efterlader dig tør og frisk hele dagen lang. Vi er alle forskellige og sveder forskelligt. At svede meget kan føles som en daglig kamp, men det er ikke et problem for Rexona Biorythm, en deodorant som giver dig effektiv beskyttelse i op til 48 timer mod sved og lugtgener. Rexona Biorythm indeholder Rexona's unikke MOTIONSENSE™, som er en unik teknologi, der reagerer på kroppens bevægelser. Så bevæg dig bare - for jo mere du bevæger dig, jo mere beskytter den dig.", "info": "", "images": [{"small": "https://rema-product-images.digital.rema1000.dk/130387/1-small-dyom87QQPV.webp", "medium": "https://rema-product-images.digital.rema1000.dk/130387/1-medium-dyom87QQPV.webp", "large": "https://rema-product-images.digital.rema1000.dk/130387/1-large-dyom87QQPV.webp"}], "prices": [{"price": 15, "price_over_max_quantity": null, "max_quantity": null, "is_advertised": false, "is_campaign": false, "starting_at": "2025-02-20T00:00:00+00:00", "ending_at": "2099-12-31T00:00:00+00:00", "deposit": null, "compare_unit": "ltr", "compare_unit_price": 300, "consumption_unit": null, "consumption_quantity": null}], "temperature_zone": null, "is_self_scale_item": false, "is_weight_item": false, "is_available_in_all_stores": true, "is_batch_item": false}
{"id": 130465, "name": "DAY CREAM", "underline": "50 ML. / NIVEA SENSITIVE SPF15", "age_limit": null, "hazard_precaution_statements": [], "labels": [{"id": 9001, "name": "Avisvare", "image": "https://static-assets.digital.rema1000.dk/product/labels/9001-64.webp"}], "description": "", "info": "", "images": [{"small": "https://rema-product-images.digital.rema1000.dk/130465/1-small-bJ9Ya1Zp9L.webp", "medium": "https://rema-product-images.digital.rema1000.dk/130465/1-medium-bJ9Ya1Zp9L.webp", "large": "https://rema-product-images.digital.rema1000.dk/130465/1-large-bJ9Ya1Zp9L.webp"}], "prices": [{"price": 29, "price_over_max_quantity": null, "max_quantity": null, "is_advertised": true, "is_campaign": false, "starting_at": "2025-08-17T00:00:00+00:00", "ending_at": "2025-11-15T00:00:00+00:00", "deposit": null, "compare_unit": "ltr", "compare_unit_price": 580, "consumption_unit": null, "consumption_quantity": null}], "temperature_zone": null, "is_self_scale_item": false, "is_weight_item": false, "is_available_in_all_stores": true, "is_batch_item": true}
{"id": 130491, "name": "MICELLAR WATER", "underline": "200 ML. / REMA 1000 PARFUMEFRI", "age_limit": null, "hazard_precaution_statements": [], "labels": [{"id": 2, "name": "REMA1000", "image": "https://static-assets.digital.rema1000.dk/product/labels/2-64.webp"}], "description": "3-i-1 ansigtsrens fjerner makeup og efterlader huden opfrisket og fugtet", "info": "", "images": [{"small": "https://rema-product-images.digital.rema1000.dk/130491/1-small-3MoMVyAkq5.webp", "medium": "https://rema-product-images.digital.rema1000.dk/130491/1-medium-3MoMVyAkq5.webp", "large": "https://rema-product-images.digital.rema1000.dk/130491/1-large-3MoMVyAkq5.webp"}], "prices": [{"price": 17.95, "price_over_max_quantity": null, "max_quantity": null, "is_advertised": false, "is_campaign": false, "starting_at": "2023-05-11T00:00:00+00:00", "ending_at": "2099-12-31T00:00:00+00:00", "deposit": null, "compare_unit": "ltr", "compare_unit_price": 89.75, "consumption_unit": null, "consumption_quantity": null}], "temperature_zone": null, "is_self_scale_item": false, "is_weight_item": false, "is_available_in_all_stores": true, "is_batch_item": false}
{"id": 130685, "name": "SHOWER CREAM", "underline": "500 ML. / PALMOLIVE OLIVE & MILK", "age_limit": null, "hazard_precaution_statements": [], "labels": [], "description": "Palmolive Naturals Showergel Olive & Milk er beriget med 100% naturlige ekstrakter af oliven og aloe vera, og desuden med vitamin komplex. Den fløjsbløde formel hjælper med at give fugtighed til din hud. Dermatologisk testet.", "info": "", "images": [{"small": "https://rema-product-images.digital.rema1000.dk/130685/1-small-we9EOygmog.webp", "medium": "https://rema-product-images.digital.rema1000.dk/130685/1-medium-we9EOygmog.webp", "large": "https://rema-product-images.digital.rema1000.dk/130685/1-large-we9EOygmog.webp"}], "prices": [{"price": 20, "price_over_max_quantity": null, "max_quantity": null, "is_advertised": false, "is_campaign": false, "starting_at": "2023-07-20T00:00:00+00:00", "ending_at": "2099-12-31T00:00:00+00:00", "deposit": null, "compare_unit": "ltr", "compare_unit_price": 40, "consumption_unit": null, "consumption_quantity": null}], "temperature_zone": null, "is_self_scale_item": false, "is_weight_item": false, "is_available_in_all_stores": true, "is_batch_item": false}
{"id": 130752, "name": "HYGIEJNEBIND", "underline": "10 STK. / LIBRESSE MAXI NIGHT WING", "age_limit": null, "hazard_precaution_statements": [], "labels": [{"id": 42, "name": "Svanemærket", "image": "https://static-assets.digital.rema1000.dk/product/labels/42-64.webp"}], "description": "Libresse arbejder konstant på at bryde tabuer og fjerne stigmatisering omkring menstruation og kønsområdet.", "info": "", "images": [{"small": "https://rema-product-images.digital.rema1000.dk/130752/1-small-NpP7kyylPO.webp", "medium": "https://rema-product-images.digital.rema1000.dk/130752/1-medium-NpP7kyylPO.webp", "large": "https://rema-product-images.digital.rema1000.dk/130752/1-large-NpP7kyylPO.webp"}], "prices": [{"price": 23.95, "price_over_max_quantity": null, "max_quantity": null, "is_advertised": false, "is_campaign": false, "starting_at": "2023-08-23T00:00:00+00:00", "ending_at": "2099-12-31T00:00:00+00:00", "deposit": null, "compare_unit": "stk", "compare_unit_price": 2.4, "consumption_unit": null, "consumption_quantity": null}], "temperature_zone": null, "is_self_scale_item": false, "is_weight_item": false, "is_available_in_all_stores": true, "is_batch_item": false}
{"id": 130904, "name": "HAND DISINFECTION GEL", "underline": "250 ML. / NORDIC SENSE 85%", "age_limit": null, "hazard_precaution_statements": ["Meget brandfarlig væske og damp.", "Forårsager alvorlig øjenirritation.", "Hvis der er brug for lægehjælp, medbring da beholderen eller etiketten.", "Opbevares utilgængeligt for børn.", "VED KONTAKT MED ØJNENE: Skyl forsigtigt med vand i flere minutter. Fjern eventuelle kontaktlinser, hvis dette kan gøres let. Fortsæt skylning.", "Holdes væk fra varme, varme overflader, gnister, åben ild og andre antændelseskilder. Rygning forbudt.", "Indholdet/beholderen bortskaffes i henhold til lokale regler."], "labels": [{"id": 87, "name": "Asthma Allergy Nordic", "image": "https://static-assets.digital.rema1000.dk/product/labels/87-64.webp"}], "description": null, "info": "", "images": [{"small": "https://rema-product-images.digital.rema1000.dk/130904/1-small-OJq52Ydv9p.webp", "medium": "https://rema-product-images.digital.rema1000.dk/130904/1-medium-OJq52Ydv9p.webp", "large": "https://rema-product-images.digital.rema1000.dk/130904/1-large-OJq52Ydv9p.webp"}], "prices": [{"price": 16.95, "price_over_max_quantity": null, "max_quantity": null, "is_advertised": false, "is_campaign": false, "starting_at": "2023-11-21T00:00:00+00:00", "ending_at": "2099-12-31T00:00:00+00:00", "deposit": null, "compare_unit": "ltr", "compare_unit_price": 67.8, "consumption_unit": null, "consumption_quantity": null}], "temperature_zone": null, "is_self_scale_item": false, "is_weight_item": false, "is_available_in_all_stores": true, "is_batch_item": false}
{"id": 130969, "name": "SOLLOTION SPF30", "underline": "200 ML. / DERMA SUN KIDS", "age_limit": null, "hazard_precaution_statements": [], "labels": [{"id": 42, "name": "Svanemærket", "image": "https://static-assets.digital.rema1000.dk/product/labels/42-64.webp"}, {"id": 87, "name": "Asthma Allergy Nordic", "image": "https://static-assets.digital.rema1000.dk/product/labels/87-64.webp"}], "description": "Derma Kids Sollotion SPF30 er en vandfast solcreme med høj faktor - specielt udviklet til børns sarte hud. Beskytter effektivt mod solens UVA- og UVB-stråler.", "info": "", "images": [{"small": "https://rema-product-images.digital.rema1000.dk/130969/1-small-Ea91ZplYPz.webp", "medium": "https://rema-product-images.digital.rema1000.dk/130969/1-medium-Ea91ZplYPz.webp", "large": "https://rema-product-images.digital.rema1000.dk/130969/1-large-Ea91ZplYPz.webp"}], "prices": [{"price": 99.95, "price_over_max_quantity": null, "max_quantity": null, "is_advertised": false, "is_campaign": false, "starting_at": "2024-02-22T00:00:00+00:00", "ending_at": "2099-12-31T00:00:00+00:00", "deposit": null, "compare_unit": "ltr", "compare_unit_price": 499.75, "consumption_unit": null, "consumption_quantity": null}], "temperature_zone": null, "is_self_scale_item": false, "is_weight_item": false, "is_available_in_all_stores": true, "is_batch_item": false}
{"id": 130993, "name": "SHAMPOO", "underline": "250 ML. / SANEX ANTISKÆL", "age_limit": null, "hazard_precaution_statements": [], "labels": [{"id": 9001, "name": "Avisvare", "image": "https://static-assets.digital.rema1000.dk/product/labels/9001-64.webp"}], "description": "Sanex shampoo antiskæl er en nærende og mild shampoo med naturlige ekstrakter fra kamille og hvedeprotein. Indeholder en antibakteriel ingrediens, som hjælper til at fjerne skæl og genoprette hovedbundens naturlige balance.", "info": "", "images": [{"small": "https://rema-product-images.digital.rema1000.dk/130993/1-small-xQq8gyLaoZ.webp", "medium": "https://rema-product-images.digital.rema1000.dk/130993/1-medium-xQq8gyLaoZ.webp", "large": "https://rema-product-images.digital.rema1000.dk/130993/1-large-xQq8gyLaoZ.webp"}], "prices": [{"price": 15, "price_over_max_quantity": null, "max_quantity": null, "is_advertised": true, "is_campaign": true, "starting_at": "2025-08-17T00:00:00+00:00", "ending_at": "2025-08-23T00:00:00+00:00", "deposit": null, "compare_unit": "ltr", "compare_unit_price": 60, "consumption_unit": null, "consumption_quantity": null}, {"price": 19, "price_over_max_quantity": null, "max_quantity": null, "is_advertised": false, "is_campaign": false, "starting_at": "2025-08-24T00:00:00+00:00", "ending_at": "2099-12-31T00:00:00+00:00", "deposit": null, "compare_unit": "ltr", "compare_unit_price": 76, "consumption_unit": null, "consumption_quantity": null}], "temperature_zone": null, "is_self_scale_item": false, "is_weight_item": false, "is_available_in_all_stores": true, "is_batch_item": false}
{"id": 131304, "name": "HÅNDLOTION", "underline": "300 ML. / SIMPLE LIVING", "age_limit": null, "hazard_precaution_statements": [], "labels": [], "description": "Velduftende og blødgørende håndlotion med skønne duftnoter af citrus og geranium", "info": "", "images": [{"small": "https://rema-product-images.digital.rema1000.dk/131304/1-small-OJq52YKR9p.webp", "medium": "https://rema-product-images.digital.rema1000.dk/131304/1-medium-OJq52YKR9p.webp", "large": "https://rema-product-images.digital.rema1000.dk/131304/1-large-OJq52YKR9p.webp"}], "prices": [{"price": 19.95, "price_over_max_quantity": null, "max_quantity": null, "is_advertised": false, "is_campaign": false, "starting_at": "2025-02-06T00:00:00+00:00", "ending_at": "2099-12-31T00:00:00+00:00", "deposit": null, "compare_unit": "ltr", "compare_unit_price": 66.5, "consumption_unit": null, "consumption_quantity": null}], "temperature_zone": null, "is_self_scale_item": false, "is_weight_item": false, "is_available_in_all_stores": true, "is_batch_item": false}
{"id": 131305, "name": "HÅNDSÆBE", "underline": "500 ML. / SIMPLE LIVING", "age_limit": null, "hazard_precaution_statements": [], "labels": [], "description": "Velduftebde og forfriskende håndsæbe med skønne duftnoter af citrus og geranium.", "info": "", "images": [{"small": "https://rema-product-images.digital.rema1000.dk/131305/1-small-xQq8gyXOoZ.webp", "medium": "https://rema-product-images.digital.rema1000.dk/131305/1-medium-xQq8gyXOoZ.webp", "large": "https://rema-product-images.digital.rema1000.dk/131305/1-large-xQq8gyXOoZ.webp"}], "prices": [{"price": 25, "price_over_max_quantity": null, "max_quantity": null, "is_advertised": false, "is_campaign": false, "starting_at": "2022-06-01T00:00:00+00:00", "ending_at": "2099-12-31T00:00:00+00:00", "deposit": null, "compare_unit": "ltr", "compare_unit_price": 50, "consumption_unit": null, "consumption_quantity": null}], "temperature_zone": null, "is_self_scale_item": false, "is_weight_item": false, "is_available_in_all_stores": true, "is_batch_item": false}
{"id": 131306, "name": "HÅNDSÆBE SCRUB", "underline": "500 ML. / NO. 1", "age_limit": null, "hazard_precaution_statements": [], "labels": [], "description": "Håndsæbe med rensende og skrubbende effekt. Med knuste abrikoskerner.", "info": "", "images": [{"small": "https://rema-product-images.digital.rema1000.dk/131306/1-small-vVorymG4P3.webp", "medium": "https://rema-product-images.digital.rema1000.dk/131306/1-medium-vVorymG4P3.webp", "large": "https://rema-product-images.digital.rema1000.dk/131306/1-large-vVorymG4P3.webp"}], "prices": [{"price": 45, "price_over_max_quantity": null, "max_quantity": null, "is_advertised": false, "is_campaign": false, "starting_at": "2022-06-20T00:00:00+00:00", "ending_at": "2099-12-31T00:00:00+00:00", "deposit": null, "compare_unit": "ltr", "compare_unit_price": 90, "consumption_unit": null, "consumption_quantity": null}], "temperature_zone": null, "is_self_scale_item": false, "is_weight_item": false, "is_available_in_all_stores": true, "is_batch_item": false}
{"id": 131318, "name": "MANICURESÆT", "underline": "1 SÆT / RUSTFRIT STÅL", "age_limit": null, "hazard_precaution_statements": [], "labels": [], "description": null, "info": "", "images": [{"small": "https://rema-product-images.digital.rema1000.dk/131318/1-small-2B943e7Xqk.webp", "medium": "https://rema-product-images.digital.rema1000.dk/131318/1-medium-2B943e7Xqk.webp", "large": "https://rema-product-images.digital.rema1000.dk/131318/1-large-2B943e7Xqk.webp"}], "prices": [{"price": 20, "price_over_max_quantity": null, "max_quantity": null, "is_advertised": false, "is_campaign": false, "starting_at": "2023-08-01T00:00:00+00:00", "ending_at": "2099-12-31T00:00:00+00:00", "deposit": null, "compare_unit": "sæt", "compare_unit_price": 20, "consumption_unit": null, "consumption_quantity": null}], "temperature_zone": null, "is_self_scale_item": false, "is_weight_item": false, "is_available_in_all_stores": true, "is_batch_item": false}
{"id": 131339, "name": "BARBERGEL", "underline": "200 ML. / REMA 1000", "age_limit": null, "hazard_precaution_statements": ["Yderst brandfarlig aerosol.", "Beholder under tryk. Kan sprænges ved opvarmning.", "Opbevares utilgængeligt for børn.", "Holdes væk fra varme, varme overflader, gnister, åben ild og andre antændelseskilder. Rygning forbudt.", "Spray ikke mod åben ild eller andre antændelseskilder.", "Må ikke punkteres eller brændes, heller ikke efter brug.", "Beskyttes mod sollys. Må ikke udsættes for en temperatur, som overstiger 50 °C/122 °F."], "labels": [{"id": 2, "name": "REMA1000", "image": "https://static-assets.digital.rema1000.dk/product/labels/2-64.webp"}], "description": null, "info": "", "images": [{"small": "https://rema-product-images.digital.rema1000.dk/131339/1-small-zOPlGgaB9R.webp", "medium": "https://rema-product-images.digital.rema1000.dk/131339/1-medium-zOPlGgaB9R.webp", "large": "https://rema-product-images.digital.rema1000.dk/131339/1-large-zOPlGgaB9R.webp"}], "prices": [{"price": 15.95, "price_over_max_quantity": null, "max_quantity": null, "is_advertised": false, "is_campaign": false, "starting_at": "2023-07-20T00:00:00+00:00", "ending_at": "2099-12-31T00:00:00+00:00", "deposit": null, "compare_unit": "ltr", "compare_unit_price": 79.75, "consumption_unit": null, "consumption_quantity": null}], "temperature_zone": null, "is_self_scale_item": false, "is_weight_item": false, "is_available_in_all_stores": true, "is_batch_item": false}
{"id": 131384, "name": "RENSEGEL", "underline": "100 ML. / REMA 1000 GEL", "age_limit": null, "hazard_precaution_statements": [], "labels": [{"id": 2, "name": "REMA1000", "image": "https://static-assets.digital.rema1000.dk/product/labels/2-64.webp"}, {"id": 42, "name": "Svanemærket", "image": "https://static-assets.digital.rema1000.dk/product/labels/42-64.webp"}, {"id": 87, "name": "Asthma Allergy Nordic", "image": "https://static-assets.digital.rema1000.dk/product/labels/87-64.webp"}], "description": null, "info": "", "images": [{"small": "https://rema-product-images.digital.rema1000.dk/131384/1-small-rQqQlGkvoe.webp", "medium": "https://rema-product-images.digital.rema1000.dk/131384/1-medium-rQqQlGkvoe.webp", "large": "https://rema-product-images.digital.rema1000.dk/131384/1-large-rQqQlGkvoe.webp"}], "prices": [{"price": 14.95, "price_over_max_quantity": null, "max_quantity": null, "is_advertised": false, "is_campaign": false, "starting_at": "2023-05-11T00:00:00+00:00", "ending_at": "2099-12-31T00:00:00+00:00", "deposit": null, "compare_unit": "ltr", "compare_unit_price": 149.5, "consumption_unit": null, "consumption_quantity": null}], "temperature_zone": null, "is_self_scale_item": false, "is_weight_item": false, "is_available_in_all_stores": true, "is_batch_item": false}
{"id": 131393, "name": "JUSTERBAR PUMPE", "underline": "1 STK. / REMA 1000", "age_limit": null, "hazard_precaution_statements": [], "labels": [{"id": 2, "name": "REMA1000", "image": "https://static-assets.digital.rema1000.dk/product/labels/2-64.webp"}], "description": null, "info": "", "images": [{"small": "https://rema-product-images.digital.rema1000.dk/131393/1-small-xQq8gy0OoZ.webp", "medium": "https://rema-product-images.digital.rema1000.dk/131393/1-medium-xQq8gy0OoZ.webp", "large": "https://rema-product-images.digital.rema1000.dk/131393/1-large-xQq8gy0OoZ.webp"}], "prices": [{"price": 6.5, "price_over_max_quantity": null, "max_quantity": null, "is_advertised": false, "is_campaign": false, "starting_at": "2025-06-29T00:00:00+00:00", "ending_at": "2099-12-31T00:00:00+00:00", "deposit": null, "compare_unit": "stk", "compare_unit_price": 6.5, "consumption_unit": null, "consumption_quantity": null}], "temperature_zone": null, "is_self_scale_item": false, "is_weight_item": false, "is_available_in_all_stores": true, "is_batch_item": false}
{"id": 131468, "name": "FLYDENDE HÅNDSÆBE", "underline": "300 ML. / PALMOLIVE NOURISHING DELIGHT", "age_limit": null, "hazard_precaution_statements": [], "labels": [{"id": 9001, "name": "Avisvare", "image": "https://static-assets.digital.rema1000.dk/product/labels/9001-64.webp"}], "description": null, "info": "", "images": [{"small": "https://rema-product-images.digital.rema1000.dk/131468/1-small-vXodjE2793.webp", "medium": "https://rema-product-images.digital.rema1000.dk/131468/1-medium-vXodjE2793.webp", "large": "https://rema-product-images.digital.rema1000.dk/131468/1-large-vXodjE2793.webp"}], "prices": [{"price": 10, "price_over_max_quantity": null, "max_quantity": null, "is_advertised": true, "is_campaign": false, "starting_at": "2025-08-17T00:00:00+00:00", "ending_at": "2025-10-22T00:00:00+00:00", "deposit": null, "compare_unit": "ltr", "compare_unit_price": 33.33, "consumption_unit": null, "consumption_quantity": null}], "temperature_zone": null, "is_self_scale_item": false, "is_weight_item": false, "is_available_in_all_stores": true, "is_batch_item": true}
{"id": 131505, "name": "BODY, HAIR & FACE", "underline": "500 ML. / REMA 1000 3-IN-1 CEDARWOOD", "age_limit": null, "hazard_precaution_statements": [], "labels": [{"id": 2, "name": "REMA1000", "image": "https://static-assets.digital.rema1000.dk/product/labels/2-64.webp"}], "description": null, "info": "", "images": [{"small": "https://rema-product-images.digital.rema1000.dk/131505/1-small-xQq8gy5JoZ.webp", "medium": "https://rema-product-images.digital.rema1000.dk/131505/1-medium-xQq8gy5JoZ.webp", "large": "https://rema-product-images.digital.rema1000.dk/131505/1-large-xQq8gy5JoZ.webp"}], "prices": [{"price": 12.75, "price_over_max_quantity": null, "max_quantity": null, "is_advertised": false, "is_campaign": false, "starting_at": "2025-07-31T00:00:00+00:00", "ending_at": "2099-12-31T00:00:00+00:00", "deposit": null, "compare_unit": "ltr", "compare_unit_price": 25.5, "consumption_unit": null, "consumption_quantity": null}], "temperature_zone": null, "is_self_scale_item": false, "is_weight_item": false, "is_available_in_all_stores": true, "is_batch_item": false}
{"id": 131507, "name": "DEO ROLL-ON PINK", "underline": "50 ML. / REMA 1000 ANTIPERSPIRANT", "age_limit": null, "hazard_precaution_statements": [], "labels": [{"id": 2, "name": "REMA1000", "image": "https://static-assets.digital.rema1000.dk/product/labels/2-64.webp"}], "description": null, "info": "", "images": [{"small": "https://rema-product-images.digital.rema1000.dk/131507/1-small-v09gynV0oA.webp", "medium": "https://rema-product-images.digital.rema1000.dk/131507/1-medium-v09gynV0oA.webp", "large": "https://rema-product-images.digital.rema1000.dk/131507/1-large-v09gynV0oA.webp"}], "prices": [{"price": 8.95, "price_over_max_quantity": null, "max_quantity": null, "is_advertised": false, "is_campaign": false, "starting_at": "2022-02-07T00:00:00+00:00", "ending_at": "2099-12-31T00:00:00+00:00", "deposit": null, "compare_unit": "ltr", "compare_unit_price": 179, "consumption_unit": null, "consumption_quantity": null}], "temperature_zone": null, "is_self_scale_item": false, "is_weight_item": false, "is_available_in_all_stores": true, "is_batch_item": false}
{"id": 131534, "name": "EYE MAKE-UP REMOVER", "underline": "125 ML. / NIVEA", "age_limit": null, "hazard_precaution_statements": ["Brandfarlig væske og damp.", "Forårsager alvorlig øjenirritation.", "Hvis der er brug for lægehjælp, medbring da beholderen eller etiketten.", "Opbevares utilgængeligt for børn.", "Læs etiketten før brug.", "Holdes væk fra varme, varme overflader, gnister, åben ild og andre antændelseskilder. Rygning forbudt.", "Hold beholderen tæt lukket.", "Beholder og modtageudstyr jordforbindes/potentialudlignes.", "Anvend eksplosionssikkert elektrisk/ventilations-/lys-udstyr.", "Opbevares på et godt ventileret sted. Opbevares køligt.", "Indholdet/beholderen bortskaffes i henhold til lokale regulativer"], "labels": [{"id": 9001, "name": "Avisvare", "image": "https://static-assets.digital.rema1000.dk/product/labels/9001-64.webp"}], "description": null, "info": "", "images": [{"small": "https://rema-product-images.digital.rema1000.dk/131534/1-small-yLqGayJrPd.webp", "medium": "https://rema-product-images.digital.rema1000.dk/131534/1-medium-yLqGayJrPd.webp", "large": "https://rema-product-images.digital.rema1000.dk/131534/1-large-yLqGayJrPd.webp"}], "prices": [{"price": 29, "price_over_max_quantity": null, "max_quantity": null, "is_advertised": true, "is_campaign": false, "starting_at": "2025-08-17T00:00:00+00:00", "ending_at": "2025-11-15T00:00:00+00:00", "deposit": null, "compare_unit": "ltr", "compare_unit_price": 232, "consumption_unit": null, "consumption_quantity": null}], "temperature_zone": null, "is_self_scale_item": false, "is_weight_item": false, "is_available_in_all_stores": true, "is_batch_item": true}
{"id": 131543, "name": "TENA DISCREET", "underline": "12 STK. / NORMAL", "age_limit": null, "hazard_precaution_statements": [], "labels": [], "description": "TENA er betroet af millioner og hjælper folk med at forblive sikre, tørre og lugtfrie. TENA er den globale leder og tilbyder produkter, der hjælper med at håndtere urinlækage, dag og nat.", "info": "", "images": [{"small": "https://rema-product-images.digital.rema1000.dk/131543/1-small-dyom87G3PV.webp", "medium": "https://rema-product-images.digital.rema1000.dk/131543/1-medium-dyom87G3PV.webp", "large": "https://rema-product-images.digital.rema1000.dk/131543/1-large-dyom87G3PV.webp"}], "prices": [{"price": 32, "price_over_max_quantity": null, "max_quantity": null, "is_advertised": false, "is_campaign": false, "starting_at": "2022-01-20T00:00:00+00:00", "ending_at": "2099-12-31T00:00:00+00:00", "deposit": null, "compare_unit": "stk", "compare_unit_price": 2.67, "consumption_unit": null, "consumption_quantity": null}], "temperature_zone": null, "is_self_scale_item": false, "is_weight_item": false, "is_available_in_all_stores": true, "is_batch_item": false}
{"id": 131558, "name": "NIGHT CREAM", "underline": "50 ML. / NIVEA SENSITIVE", "age_limit": null, "hazard_precaution_statements": [], "labels": [{"id": 9001, "name": "Avisvare", "image": "https://static-assets.digital.rema1000.dk/product/labels/9001-64.webp"}], "description": null, "info": "", "images": [{"small": "https://rema-product-images.digital.rema1000.dk/131558/1-small-3Movlpnm9A.webp", "medium": "https://rema-product-images.digital.rema1000.dk/131558/1-medium-3Movlpnm9A.webp", "large": "https://rema-product-images.digital.rema1000.dk/131558/1-large-3Movlpnm9A.webp"}], "prices": [{"price": 29, "price_over_max_quantity": null, "max_quantity": null, "is_advertised": true, "is_campaign": false, "starting_at": "2025-08-17T00:00:00+00:00", "ending_at": "2025-11-15T00:00:00+00:00", "deposit": null, "compare_unit": "ltr", "compare_unit_price": 580, "consumption_unit": null, "consumption_quantity": null}], "temperature_zone": null, "is_self_scale_item": false, "is_weight_item": false, "is_available_in_all_stores": true, "is_batch_item": true}
{"id": 131610, "name": "ANSIGTSSERUM", "underline": "30 ML. / SENSE", "age_limit": null, "hazard_precaution_statements": [], "labels": [], "description": "Et plejende og intensivt fugtgivende serum, der fugter huden i dybden og gør den ekstra modstandsdygtig. Indeholder danske olier samt overskudsråvarer fra juice- og fødevareproduktion i form af æblekerneolie og Pink Pomelo ekstrakt. Har en mild duft, og kan bruges morgen og aften.", "info": "", "images": [{"small": "https://rema-product-images.digital.rema1000.dk/131610/1-small-Al90WA0Dq8.webp", "medium": "https://rema-product-images.digital.rema1000.dk/131610/1-medium-Al90WA0Dq8.webp", "large": "https://rema-product-images.digital.rema1000.dk/131610/1-large-Al90WA0Dq8.webp"}], "prices": [{"price": 34.95, "price_over_max_quantity": null, "max_quantity": null, "is_advertised": false, "is_campaign": false, "starting_at": "2024-04-10T00:00:00+00:00", "ending_at": "2099-12-31T00:00:00+00:00", "deposit": null, "compare_unit": "ltr", "compare_unit_price": 1165, "consumption_unit": null, "consumption_quantity": null}], "temperature_zone": null, "is_self_scale_item": false, "is_weight_item": false, "is_available_in_all_stores": true, "is_batch_item": false}
{"id": 131611, "name": "ØJENCREME", "underline": "15 ML. / SENSE", "age_limit": null, "hazard_precaution_statements": [], "labels": [], "description": "Opstrammer huden omkring øjnene og gør den mere smidig. Indeholder danske olier og overskudsråvarer fra juice- og fødevareproduktion i form af æblekerneolie og Pink Pomelo ekstrakt. Mild duft.", "info": "", "images": [{"small": "https://rema-product-images.digital.rema1000.dk/131611/1-small-A5qVz1wlqa.webp", "medium": "https://rema-product-images.digital.rema1000.dk/131611/1-medium-A5qVz1wlqa.webp", "large": "https://rema-product-images.digital.rema1000.dk/131611/1-large-A5qVz1wlqa.webp"}], "prices": [{"price": 34.95, "price_over_max_quantity": null, "max_quantity": null, "is_advertised": false, "is_campaign": false, "starting_at": "2024-04-10T00:00:00+00:00", "ending_at": "2099-12-31T00:00:00+00:00", "deposit": null, "compare_unit": "ltr", "compare_unit_price": 2330, "consumption_unit": null, "consumption_quantity": null}], "temperature_zone": null, "is_self_scale_item": false, "is_weight_item": false, "is_available_in_all_stores": true, "is_batch_item": false}
{"id": 131612, "name": "RENSEMÆLK", "underline": "150 ML. / SENSE", "age_limit": null, "hazard_precaution_statements": [], "labels": [], "description": "Rensemælken har en mild duft, renser let huden og fjerner al ansigts-makeup. Indeholder danske olier og overskudsråvarer fra juiceproduktion i form af Pink Pomelo ekstrakt. Smør renmælken på området og tør af med en fugtig vatrondel.", "info": "", "images": [{"small": "https://rema-product-images.digital.rema1000.dk/131612/1-small-18oXz25J9k.webp", "medium": "https://rema-product-images.digital.rema1000.dk/131612/1-medium-18oXz25J9k.webp", "large": "https://rema-product-images.digital.rema1000.dk/131612/1-large-18oXz25J9k.webp"}], "prices": [{"price": 34.95, "price_over_max_quantity": null, "max_quantity": null, "is_advertised": false, "is_campaign": false, "starting_at": "2024-04-10T00:00:00+00:00", "ending_at": "2099-12-31T00:00:00+00:00", "deposit": null, "compare_unit": "ltr", "compare_unit_price": 233, "consumption_unit": null, "consumption_quantity": null}], "temperature_zone": null, "is_self_scale_item": false, "is_weight_item": false, "is_available_in_all_stores": true, "is_batch_item": false}
{"id": 131613, "name": "MULTIOLIE", "underline": "50 ML. / SENSE", "age_limit": null, "hazard_precaution_statements": [], "labels": [], "description": "Denne olie er et multiprodukt til pleje af både ansigt og krop samt fjernelse af mark-up. Olien har en mild duft og indeholder danske olier samt overskudsråvarer fra fødevareproduktion i form af æblekerneolie.", "info": "", "images": [{"small": "https://rema-product-images.digital.rema1000.dk/131613/1-small-wyPbjldQPE.webp", "medium": "https://rema-product-images.digital.rema1000.dk/131613/1-medium-wyPbjldQPE.webp", "large": "https://rema-product-images.digital.rema1000.dk/131613/1-large-wyPbjldQPE.webp"}], "prices": [{"price": 39.95, "price_over_max_quantity": null, "max_quantity": null, "is_advertised": false, "is_campaign": false, "starting_at": "2024-04-10T00:00:00+00:00", "ending_at": "2099-12-31T00:00:00+00:00", "deposit": null, "compare_unit": "ltr", "compare_unit_price": 799, "consumption_unit": null, "consumption_quantity": null}], "temperature_zone": null, "is_self_scale_item": false, "is_weight_item": false, "is_available_in_all_stores": true, "is_batch_item": false}
{"id": 131615, "name": "BODY BUTTER", "underline": "200 ML. / SENSE", "age_limit": null, "hazard_precaution_statements": [], "labels": [], "description": "Sense Body Butter – Naturlig pleje med omtanke. Forkæl din hud med Sense Body Butter – en del af den danske hudplejeserie SENSE, produceret af Nordic Sense og skabt i samarbejde med Stop Spild Af Mad og REMA 1000. Denne rige kropscreme kombinerer naturlig shea butter med økologiske danske olier som raps-, hørfrø- og hampefrøolie, der er udvundet af overskud fra fødevareindustrien. Med fokus på bæredygtighed og din huds velvære giver Sense Body Butter intens pleje, fugt og næring til alle hudtyper, alt sammen med en blid og behagelig duft. Sense Body Butter indeholder parfume.", "info": "", "images": [{"small": "https://rema-product-images.digital.rema1000.dk/131615/1-small-KpqRr1kRqL.webp", "medium": "https://rema-product-images.digital.rema1000.dk/131615/1-medium-KpqRr1kRqL.webp", "large": "https://rema-product-images.digital.rema1000.dk/131615/1-large-KpqRr1kRqL.webp"}], "prices": [{"price": 39.95, "price_over_max_quantity": null, "max_quantity": null, "is_advertised": false, "is_campaign": false, "starting_at": "2025-01-15T00:00:00+00:00", "ending_at": "2099-12-31T00:00:00+00:00", "deposit": null, "compare_unit": "ltr", "compare_unit_price": 199.75, "consumption_unit": null, "consumption_quantity": null}], "temperature_zone": null, "is_self_scale_item": false, "is_weight_item": false, "is_available_in_all_stores": true, "is_batch_item": false}
{"id": 131663, "name": "MUNDSKYL", "underline": "500 ML. / COLGATE PLAX COOL MINT", "age_limit": null, "hazard_precaution_statements": [], "labels": [], "description": "Beskytter mod karies, styrker emaljen og  effektiv bakterie bekæmpelse. Med cool mint smag.Er klinisk testet af tandlæger. ", "info": "", "images": [{"small": "https://rema-product-images.digital.rema1000.dk/131663/1-small-rDq6DMA5Pb.webp", "medium": "https://rema-product-images.digital.rema1000.dk/131663/1-medium-rDq6DMA5Pb.webp", "large": "https://rema-product-images.digital.rema1000.dk/131663/1-large-rDq6DMA5Pb.webp"}], "prices": [{"price": 30, "price_over_max_quantity": null, "max_quantity": null, "is_advertised": false, "is_campaign": false, "starting_at": "2023-07-13T00:00:00+00:00", "ending_at": "2099-12-31T00:00:00+00:00", "deposit": null, "compare_unit": "ltr", "compare_unit_price": 60, "consumption_unit": null, "consumption_quantity": null}], "temperature_zone": null, "is_self_scale_item": false, "is_weight_item": false, "is_available_in_all_stores": true, "is_batch_item": false}
{"id": 132160, "name": "VASELINE", "underline": "40 GR. / KLØVER", "age_limit": null, "hazard_precaution_statements": [], "labels": [], "description": "Kløver® vaseline er et helt naturligt produkt af naturlige olier. Den virker ved at skabe en forseglende barriere imellem hudens celler. Vaselinen indkapsler fugt og accelererer hudens naturlige evne til at hele tør hud indefra.  *Dens indkapslende funktion virker også beskyttende på meget tør og sprukken hud, små rifter og hudafskrabninger. Vores vaseline er tredobbelt-renset og 100% rent. *Effekt på hudens øverste lag (stratum corneum)", "info": "", "images": [{"small": "https://rema-product-images.digital.rema1000.dk/132160/1-small-6xqAzvaE9D.webp", "medium": "https://rema-product-images.digital.rema1000.dk/132160/1-medium-6xqAzvaE9D.webp", "large": "https://rema-product-images.digital.rema1000.dk/132160/1-large-6xqAzvaE9D.webp"}], "prices": [{"price": 16.95, "price_over_max_quantity": null, "max_quantity": null, "is_advertised": false, "is_campaign": false, "starting_at": "2025-02-06T00:00:00+00:00", "ending_at": "2099-12-31T00:00:00+00:00", "deposit": null, "compare_unit": "kg", "compare_unit_price": 423.75, "consumption_unit": null, "consumption_quantity": null}], "temperature_zone": null, "is_self_scale_item": false, "is_weight_item": false, "is_available_in_all_stores": true, "is_batch_item": false}
{"id": 132171, "name": "KAMFERCREME", "underline": "100 ML. / REMA 1000", "age_limit": null, "hazard_precaution_statements": [], "labels": [{"id": 2, "name": "REMA1000", "image": "https://static-assets.digital.rema1000.dk/product/labels/2-64.webp"}], "description": null, "info": "", "images": [{"small": "https://rema-product-images.digital.rema1000.dk/132171/1-small-OW9OVEl0qg.webp", "medium": "https://rema-product-images.digital.rema1000.dk/132171/1-medium-OW9OVEl0qg.webp", "large": "https://rema-product-images.digital.rema1000.dk/132171/1-large-OW9OVEl0qg.webp"}], "prices": [{"price": 11.95, "price_over_max_quantity": null, "max_quantity": null, "is_advertised": false, "is_campaign": false, "starting_at": "2023-11-02T00:00:00+00:00", "ending_at": "2099-12-31T00:00:00+00:00", "deposit": null, "compare_unit": "ltr", "compare_unit_price": 119.5, "consumption_unit": null, "consumption_quantity": null}], "temperature_zone": null, "is_self_scale_item": false, "is_weight_item": false, "is_available_in_all_stores": true, "is_batch_item": false}
{"id": 132491, "name": "FODCREME", "underline": "100 ML. / REMA 1000", "age_limit": null, "hazard_precaution_statements": [], "labels": [{"id": 2, "name": "REMA1000", "image": "https://static-assets.digital.rema1000.dk/product/labels/2-64.webp"}], "description": null, "info": "", "images": [{"small": "https://rema-product-images.digital.rema1000.dk/132491/1-small-3MoMVE3Qq5.webp", "medium": "https://rema-product-images.digital.rema1000.dk/132491/1-medium-3MoMVE3Qq5.webp", "large": "https://rema-product-images.digital.rema1000.dk/132491/1-large-3MoMVE3Qq5.webp"}], "prices": [{"price": 15.95, "price_over_max_quantity": null, "max_quantity": null, "is_advertised": false, "is_campaign": false, "starting_at": "2024-07-09T00:00:00+00:00", "ending_at": "2025-09-13T00:00:00+00:00", "deposit": null, "compare_unit": "ltr", "compare_unit_price": 159.5, "consumption_unit": null, "consumption_quantity": null}], "temperature_zone": null, "is_self_scale_item": false, "is_weight_item": false, "is_available_in_all_stores": true, "is_batch_item": false}
{"id": 132492, "name": "FEDTCREME", "underline": "100 ML. / REMA 1000 PARFUMEFRI", "age_limit": null, "hazard_precaution_statements": [], "labels": [{"id": 9001, "name": "Avisvare", "image": "https://static-assets.digital.rema1000.dk/product/labels/9001-64.webp"}, {"id": 2, "name": "REMA1000", "image": "https://static-assets.digital.rema1000.dk/product/labels/2-64.webp"}, {"id": 42, "name": "Svanemærket", "image": "https://static-assets.digital.rema1000.dk/product/labels/42-64.webp"}, {"id": 87, "name": "Asthma Allergy Nordic", "image": "https://static-assets.digital.rema1000.dk/product/labels/87-64.webp"}], "description": "Beskytter og nærer. Plejer og blødgør, forebygger udtørring, nem at påføre, god til ekstra tør hud", "info": "", "images": [{"small": "https://rema-product-images.digital.rema1000.dk/132492/1-small-OJq52npR9p.webp", "medium": "https://rema-product-images.digital.rema1000.dk/132492/1-medium-OJq52npR9p.webp", "large": "https://rema-product-images.digital.rema1000.dk/132492/1-large-OJq52npR9p.webp"}], "prices": [{"price": 12, "price_over_max_quantity": null, "max_quantity": null, "is_advertised": true, "is_campaign": true, "starting_at": "2025-08-17T00:00:00+00:00", "ending_at": "2025-08-23T00:00:00+00:00", "deposit": null, "compare_unit": "ltr", "compare_unit_price": 120, "consumption_unit": null, "consumption_quantity": null}, {"price": 19.95, "price_over_max_quantity": null, "max_quantity": null, "is_advertised": false, "is_campaign": false, "starting_at": "2025-08-24T00:00:00+00:00", "ending_at": "2099-12-31T00:00:00+00:00", "deposit": null, "compare_unit": "ltr", "compare_unit_price": 199.5, "consumption_unit": null, "consumption_quantity": null}], "temperature_zone": null, "is_self_scale_item": false, "is_weight_item": false, "is_available_in_all_stores": true, "is_batch_item": false}
{"id": 132494, "name": "PANTHENOLCREME", "underline": "100 ML. / REMA 1000", "age_limit": null, "hazard_precaution_statements": [], "labels": [{"id": 9001, "name": "Avisvare", "image": "https://static-assets.digital.rema1000.dk/product/labels/9001-64.webp"}, {"id": 2, "name": "REMA1000", "image": "https://static-assets.digital.rema1000.dk/product/labels/2-64.webp"}, {"id": 42, "name": "Svanemærket", "image": "https://static-assets.digital.rema1000.dk/product/labels/42-64.webp"}, {"id": 87, "name": "Asthma Allergy Nordic", "image": "https://static-assets.digital.rema1000.dk/product/labels/87-64.webp"}], "description": null, "info": "", "images": [{"small": "https://rema-product-images.digital.rema1000.dk/132494/1-small-vVoryRn4P3.webp", "medium": "https://rema-product-images.digital.rema1000.dk/132494/1-medium-vVoryRn4P3.webp", "large": "https://rema-product-images.digital.rema1000.dk/132494/1-large-vVoryRn4P3.webp"}], "prices": [{"price": 12, "price_over_max_quantity": null, "max_quantity": null, "is_advertised": true, "is_campaign": true, "starting_at": "2025-08-17T00:00:00+00:00", "ending_at": "2025-08-23T00:00:00+00:00", "deposit": null, "compare_unit": "ltr", "compare_unit_price": 120, "consumption_unit": null, "consumption_quantity": null}, {"price": 19.95, "price_over_max_quantity": null, "max_quantity": null, "is_advertised": false, "is_campaign": false, "starting_at": "2025-08-24T00:00:00+00:00", "ending_at": "2099-12-31T00:00:00+00:00", "deposit": null, "compare_unit": "ltr", "compare_unit_price": 199.5, "consumption_unit": null, "consumption_quantity": null}], "temperature_zone": null, "is_self_scale_item": false, "is_weight_item": false, "is_available_in_all_stores": true, "is_batch_item": false}
{"id": 13260, "name": "HINDBÆR/APPELSIN", "underline": "1 LTR. / REMA 1000", "age_limit": null, "hazard_precaution_statements": [], "labels": [{"id": 2, "name": "REMA1000", "image": "https://static-assets.digital.rema1000.dk/product/labels/2-64.webp"}, {"id": 31, "name": "Ikke tilsat sukker", "image": "https://static-assets.digital.rema1000.dk/product/labels/31-64.webp"}], "description": null, "info": "", "images": [{"small": "https://rema-product-images.digital.rema1000.dk/13260/1-small-6xqAdV7oDr.webp", "medium": "https://rema-product-images.digital.rema1000.dk/13260/1-medium-6xqAdV7oDr.webp", "large": "https://rema-product-images.digital.rema1000.dk/13260/1-large-6xqAdV7oDr.webp"}], "prices": [{"price": 8.5, "price_over_max_quantity": null, "max_quantity": null, "is_advertised": false, "is_campaign": false, "starting_at": "2024-08-29T00:00:00+00:00", "ending_at": "2099-12-31T00:00:00+00:00", "deposit": 3, "compare_unit": "ltr", "compare_unit_price": 8.5, "consumption_unit": null, "consumption_quantity": null}], "temperature_zone": null, "is_self_scale_item": false, "is_weight_item": false, "is_available_in_all_stores": true, "is_batch_item": false}
{"id": 132616, "name": "CREME TINDÅSE", "underline": "250 ML. / NIVEA", "age_limit": null, "hazard_precaution_statements": [], "labels": [{"id": 9001, "name": "Avisvare", "image": "https://static-assets.digital.rema1000.dk/product/labels/9001-64.webp"}], "description": null, "info": "", "images": [{"small": "https://rema-product-images.digital.rema1000.dk/132616/1-small-6xqAzvMW9D.webp", "medium": "https://rema-product-images.digital.rema1000.dk/132616/1-medium-6xqAzvMW9D.webp", "large": "https://rema-product-images.digital.rema1000.dk/132616/1-large-6xqAzvMW9D.webp"}], "prices": [{"price": 29, "price_over_max_quantity": null, "max_quantity": null, "is_advertised": true, "is_campaign": true, "starting_at": "2025-08-17T00:00:00+00:00", "ending_at": "2025-08-23T00:00:00+00:00", "deposit": null, "compare_unit": "ml", "compare_unit_price": 0.12, "consumption_unit": null, "consumption_quantity": null}, {"price": 43.95, "price_over_max_quantity": null, "max_quantity": null, "is_advertised": false, "is_campaign": false, "starting_at": "2025-08-24T00:00:00+00:00", "ending_at": "2099-12-31T00:00:00+00:00", "deposit": null, "compare_unit": "ml", "compare_unit_price": 0.18, "consumption_unit": null, "consumption_quantity": null}], "temperature_zone": null, "is_self_scale_item": false, "is_weight_item": false, "is_available_in_all_stores": true, "is_batch_item": false}
{"id": 13262, "name": "HYLDEBLOMST", "underline": "1 LTR. / REMA 1000", "age_limit": null, "hazard_precaution_statements": [], "labels": [{"id": 2, "name": "REMA1000", "image": "https://static-assets.digital.rema1000.dk/product/labels/2-64.webp"}, {"id": 31, "name": "Ikke tilsat sukker", "image": "https://static-assets.digital.rema1000.dk/product/labels/31-64.webp"}], "description": null, "info": "", "images": [{"small": "https://rema-product-images.digital.rema1000.dk/13262/1-small-2B94Mk8PkM.webp", "medium": "https://rema-product-images.digital.rema1000.dk/13262/1-medium-2B94Mk8PkM.webp", "large": "https://rema-product-images.digital.rema1000.dk/13262/1-large-2B94Mk8PkM.webp"}], "prices": [{"price": 8.5, "price_over_max_quantity": null, "max_quantity": null, "is_advertised": false, "is_campaign": false, "starting_at": "2025-02-20T00:00:00+00:00", "ending_at": "2099-12-31T00:00:00+00:00", "deposit": 3, "compare_unit": "ltr", "compare_unit_price": 8.5, "consumption_unit": null, "consumption_quantity": null}], "temperature_zone": null, "is_self_scale_item": false, "is_weight_item": false, "is_available_in_all_stores": true, "is_batch_item": false}
{"id": 13269, "name": "JORDBÆR", "underline": "1 LTR. / REMA 1000", "age_limit": null, "hazard_precaution_statements": [], "labels": [{"id": 2, "name": "REMA1000", "image": "https://static-assets.digital.rema1000.dk/product/labels/2-64.webp"}, {"id": 31, "name": "Ikke tilsat sukker", "image": "https://static-assets.digital.rema1000.dk/product/labels/31-64.webp"}], "description": null, "info": "", "images": [{"small": "https://rema-product-images.digital.rema1000.dk/13269/1-small-Ea91wWYozY.webp", "medium": "https://rema-product-images.digital.rema1000.dk/13269/1-medium-Ea91wWYozY.webp", "large": "https://rema-product-images.digital.rema1000.dk/13269/1-large-Ea91wWYozY.webp"}], "prices": [{"price": 8.5, "price_over_max_quantity": null, "max_quantity": null, "is_advertised": false, "is_campaign": false, "starting_at": "2023-01-05T00:00:00+00:00", "ending_at": "2099-12-31T00:00:00+00:00", "deposit": 3, "compare_unit": "ltr", "compare_unit_price": 8.5, "consumption_unit": null, "consumption_quantity": null}], "temperature_zone": null, "is_self_scale_item": false, "is_weight_item": false, "is_available_in_all_stores": true, "is_batch_item": false}
{"id": 13271, "name": "DANSK RABARBER", "underline": "50 CL. / HOLMENE", "age_limit": null, "hazard_precaution_statements": [], "labels": [{"id": 5, "name": "Økologi", "image": "https://static-assets.digital.rema1000.dk/product/labels/5-64.webp"}, {"id": 6, "name": "Økologi", "image": "https://static-assets.digital.rema1000.dk/product/labels/6-64.webp"}], "description": null, "info": "", "images": [{"small": "https://rema-product-images.digital.rema1000.dk/13271/1-small-OW9Ow1Z9gE.webp", "medium": "https://rema-product-images.digital.rema1000.dk/13271/1-medium-OW9Ow1Z9gE.webp", "large": "https://rema-product-images.digital.rema1000.dk/13271/1-large-OW9Ow1Z9gE.webp"}], "prices": [{"price": 16.5, "price_over_max_quantity": null, "max_quantity": null, "is_advertised": false, "is_campaign": false, "starting_at": "2021-11-04T00:00:00+00:00", "ending_at": "2099-12-31T00:00:00+00:00", "deposit": 1, "compare_unit": "ltr", "compare_unit_price": 33, "consumption_unit": null, "consumption_quantity": null}], "temperature_zone": null, "is_self_scale_item": false, "is_weight_item": false, "is_available_in_all_stores": true, "is_batch_item": false}
{"id": 13291, "name": "FUZE TEA PEACH", "underline": "40 CL.", "age_limit": null, "hazard_precaution_statements": [], "labels": [], "description": null, "info": "", "images": [{"small": "https://rema-product-images.digital.rema1000.dk/13291/1-small-3MoM02eP5E.webp", "medium": "https://rema-product-images.digital.rema1000.dk/13291/1-medium-3MoM02eP5E.webp", "large": "https://rema-product-images.digital.rema1000.dk/13291/1-large-3MoM02eP5E.webp"}], "prices": [{"price": 16.25, "price_over_max_quantity": null, "max_quantity": null, "is_advertised": false, "is_campaign": false, "starting_at": "2024-01-04T00:00:00+00:00", "ending_at": "2099-12-31T00:00:00+00:00", "deposit": 1.5, "compare_unit": "ltr", "compare_unit_price": 40.63, "consumption_unit": null, "consumption_quantity": null}], "temperature_zone": null, "is_self_scale_item": false, "is_weight_item": false, "is_available_in_all_stores": true, "is_batch_item": false}
{"id": 13302, "name": "SPORT", "underline": "1 LTR. / REMA 1000", "age_limit": null, "hazard_precaution_statements": [], "labels": [{"id": 2, "name": "REMA1000", "image": "https://static-assets.digital.rema1000.dk/product/labels/2-64.webp"}, {"id": 31, "name": "Ikke tilsat sukker", "image": "https://static-assets.digital.rema1000.dk/product/labels/31-64.webp"}], "description": null, "info": "", "images": [{"small": "https://rema-product-images.digital.rema1000.dk/13302/1-small-kAonB3Gox8.webp", "medium": "https://rema-product-images.digital.rema1000.dk/13302/1-medium-kAonB3Gox8.webp", "large": "https://rema-product-images.digital.rema1000.dk/13302/1-large-kAonB3Gox8.webp"}], "prices": [{"price": 8.5, "price_over_max_quantity": null, "max_quantity": null, "is_advertised": false, "is_campaign": false, "starting_at": "2023-01-05T00:00:00+00:00", "ending_at": "2099-12-31T00:00:00+00:00", "deposit": 3, "compare_unit": "ltr", "compare_unit_price": 8.5, "consumption_unit": null, "consumption_quantity": null}], "temperature_zone": null, "is_self_scale_item": false, "is_weight_item": false, "is_available_in_all_stores": true, "is_batch_item": false}
{"id": 133514, "name": "VATPINDE", "underline": "300 STK. / REMA 1000", "age_limit": null, "hazard_precaution_statements": [], "labels": [{"id": 2, "name": "REMA1000", "image": "https://static-assets.digital.rema1000.dk/product/labels/2-64.webp"}], "description": "Råd: Vatpinde bør kun bruges til rensning af det ydre øre og ikke til selve øregangen, da denne er beskyttet af et naturligt lag voks, der ikke bør fjernes.", "info": "", "images": [{"small": "https://rema-product-images.digital.rema1000.dk/133514/1-small-3Movl6mZ9A.webp", "medium": "https://rema-product-images.digital.rema1000.dk/133514/1-medium-3Movl6mZ9A.webp", "large": "https://rema-product-images.digital.rema1000.dk/133514/1-large-3Movl6mZ9A.webp"}], "prices": [{"price": 8.25, "price_over_max_quantity": null, "max_quantity": null, "is_advertised": false, "is_campaign": false, "starting_at": "2024-04-25T00:00:00+00:00", "ending_at": "2025-09-13T00:00:00+00:00", "deposit": null, "compare_unit": "stk", "compare_unit_price": 0.03, "consumption_unit": null, "consumption_quantity": null}], "temperature_zone": null, "is_self_scale_item": false, "is_weight_item": false, "is_available_in_all_stores": true, "is_batch_item": false}
{"id": 133518, "name": "VATRONDELLER", "underline": "120 STK. / REMA 1000", "age_limit": null, "hazard_precaution_statements": [], "labels": [{"id": 2, "name": "REMA1000", "image": "https://static-assets.digital.rema1000.dk/product/labels/2-64.webp"}], "description": "Vores vatrondeller er bløde og absorberende. Formatet gør dem særligt velegnet til rensning af huden og fjernelse af make-up. Sugeevne: Opsuger 17 gange sin egen vægt<br />  ", "info": "", "images": [{"small": "https://rema-product-images.digital.rema1000.dk/133518/1-small-2B943BlXqk.webp", "medium": "https://rema-product-images.digital.rema1000.dk/133518/1-medium-2B943BlXqk.webp", "large": "https://rema-product-images.digital.rema1000.dk/133518/1-large-2B943BlXqk.webp"}], "prices": [{"price": 8.25, "price_over_max_quantity": null, "max_quantity": null, "is_advertised": false, "is_campaign": false, "starting_at": "2022-04-28T00:00:00+00:00", "ending_at": "2025-09-13T00:00:00+00:00", "deposit": null, "compare_unit": "stk", "compare_unit_price": 0.07, "consumption_unit": null, "consumption_quantity": null}], "temperature_zone": null, "is_self_scale_item": false, "is_weight_item": false, "is_available_in_all_stores": true, "is_batch_item": false}
{"id": 133520, "name": "LOMMELETTER 4-LAGS", "underline": "150 STK. / REMA 1000", "age_limit": null, "hazard_precaution_statements": [], "labels": [{"id": 2, "name": "REMA1000", "image": "https://static-assets.digital.rema1000.dk/product/labels/2-64.webp"}], "description": null, "info": "", "images": [{"small": "https://rema-product-images.digital.rema1000.dk/133520/1-small-AKqebn5n9p.webp", "medium": "https://rema-product-images.digital.rema1000.dk/133520/1-medium-AKqebn5n9p.webp", "large": "https://rema-product-images.digital.rema1000.dk/133520/1-large-AKqebn5n9p.webp"}], "prices": [{"price": 11.95, "price_over_max_quantity": null, "max_quantity": null, "is_advertised": false, "is_campaign": false, "starting_at": "2023-05-11T00:00:00+00:00", "ending_at": "2025-08-23T00:00:00+00:00", "deposit": null, "compare_unit": "stk", "compare_unit_price": 0.08, "consumption_unit": null, "consumption_quantity": null}], "temperature_zone": null, "is_self_scale_item": false, "is_weight_item": false, "is_available_in_all_stores": true, "is_batch_item": false}
{"id": 133545, "name": "INKONTINENSBIND", "underline": "12 STK. / REMA 1000 NORMAL", "age_limit": null, "hazard_precaution_statements": [], "labels": [{"id": 2, "name": "REMA1000", "image": "https://static-assets.digital.rema1000.dk/product/labels/2-64.webp"}, {"id": 42, "name": "Svanemærket", "image": "https://static-assets.digital.rema1000.dk/product/labels/42-64.webp"}], "description": null, "info": "", "images": [{"small": "https://rema-product-images.digital.rema1000.dk/133545/1-small-ElPB1RMY9k.webp", "medium": "https://rema-product-images.digital.rema1000.dk/133545/1-medium-ElPB1RMY9k.webp", "large": "https://rema-product-images.digital.rema1000.dk/133545/1-large-ElPB1RMY9k.webp"}], "prices": [{"price": 15.95, "price_over_max_quantity": null, "max_quantity": null, "is_advertised": false, "is_campaign": false, "starting_at": "2024-06-26T00:00:00+00:00", "ending_at": "2025-09-13T00:00:00+00:00", "deposit": null, "compare_unit": "stk", "compare_unit_price": 1.33, "consumption_unit": null, "consumption_quantity": null}], "temperature_zone": null, "is_self_scale_item": false, "is_weight_item": false, "is_available_in_all_stores": true, "is_batch_item": false}
{"id": 133553, "name": "BABY BADEOLIE", "underline": "150 ML. / REMA 1000 PARFUMEFRI", "age_limit": null, "hazard_precaution_statements": [], "labels": [{"id": 2, "name": "REMA1000", "image": "https://static-assets.digital.rema1000.dk/product/labels/2-64.webp"}, {"id": 42, "name": "Svanemærket", "image": "https://static-assets.digital.rema1000.dk/product/labels/42-64.webp"}, {"id": 87, "name": "Asthma Allergy Nordic", "image": "https://static-assets.digital.rema1000.dk/product/labels/87-64.webp"}], "description": "Parfumefri badeolie til familiens mindste. Badeolien kan både bruges i badevandet, til kroppen, til babymassage  og i hovedbunden til at fjerne evt. arp med. Badeolien er tilpasset barnets sarte hud og er naturligvis både Svanemærket og allergicertificeret med Asthma Allergy Nordic.  Badeolien er desuden vegansk.  Flasken er i 100 % genbrugsmateriale. Sådan gør du: Kom en passende mængde olie i badevandet, eller brug en passende mængde olie til at smøre barnets  hud forsigtigt ind efter bad eller ved behov. Olien bør ikke bruges sammen med shampoo eller lignende, da det ophæver effekten.", "info": "", "images": [{"small": "https://rema-product-images.digital.rema1000.dk/133553/1-small-aboK8EYVqp.webp", "medium": "https://rema-product-images.digital.rema1000.dk/133553/1-medium-aboK8EYVqp.webp", "large": "https://rema-product-images.digital.rema1000.dk/133553/1-large-aboK8EYVqp.webp"}], "prices": [{"price": 16.95, "price_over_max_quantity": null, "max_quantity": null, "is_advertised": false, "is_campaign": false, "starting_at": "2025-07-31T00:00:00+00:00", "ending_at": "2099-12-31T00:00:00+00:00", "deposit": null, "compare_unit": "ltr", "compare_unit_price": 113, "consumption_unit": null, "consumption_quantity": null}], "temperature_zone": null, "is_self_scale_item": false, "is_weight_item": false, "is_available_in_all_stores": true, "is_batch_item": false}
{"id": 133554, "name": "BABY ZINK SALVE", "underline": "100 ML. / REMA 1000 PARFUMEFRI", "age_limit": null, "hazard_precaution_statements": [], "labels": [{"id": 9001, "name": "Avisvare", "image": "https://static-assets.digital.rema1000.dk/product/labels/9001-64.webp"}, {"id": 2, "name": "REMA1000", "image": "https://static-assets.digital.rema1000.dk/product/labels/2-64.webp"}, {"id": 42, "name": "Svanemærket", "image": "https://static-assets.digital.rema1000.dk/product/labels/42-64.webp"}, {"id": 87, "name": "Asthma Allergy Nordic", "image": "https://static-assets.digital.rema1000.dk/product/labels/87-64.webp"}], "description": "Parfumefri zinksalve til familiens mindste. Zinksalven er tilpasset barnets sarte hud og er naturligvis  både Svanemærket og allergicertificeret med Asthma Allergy Nordic. Zinksalven er desuden vegansk.  Sortér som restaffald! Når du har tømt produktet, sorteres emballagen som restaffald. Sådan gør du: Smør en lille mængde zinksalve forsigtigt pa° det irriterede område. Sørg for, at hudener ren og tør inden påføring. Tip! Har baby rød og irriteret hud i bleområdet? Sørg for at give huden luft dagligt ved at lade barnet være uden ble i minimum 15 minutter om dagen.", "info": "", "images": [{"small": "https://rema-product-images.digital.rema1000.dk/133554/1-small-Al90WJ0yq8.webp", "medium": "https://rema-product-images.digital.rema1000.dk/133554/1-medium-Al90WJ0yq8.webp", "large": "https://rema-product-images.digital.rema1000.dk/133554/1-large-Al90WJ0yq8.webp"}], "prices": [{"price": 12, "price_over_max_quantity": null, "max_quantity": null, "is_advertised": true, "is_campaign": true, "starting_at": "2025-08-17T00:00:00+00:00", "ending_at": "2025-08-23T00:00:00+00:00", "deposit": null, "compare_unit": "ltr", "compare_unit_price": 120, "consumption_unit": null, "consumption_quantity": null}, {"price": 17.95, "price_over_max_quantity": null, "max_quantity": null, "is_advertised": false, "is_campaign": false, "starting_at": "2025-08-24T00:00:00+00:00", "ending_at": "2099-12-31T00:00:00+00:00", "deposit": null, "compare_unit": "ltr", "compare_unit_price": 179.5, "consumption_unit": null, "consumption_quantity": null}], "temperature_zone": null, "is_self_scale_item": false, "is_weight_item": false, "is_available_in_all_stores": true, "is_batch_item": false}
{"id": 134417, "name": "CARE SHOWER", "underline": "250 ML. / NIVEA CREME SOFT", "age_limit": null, "hazard_precaution_statements": [], "labels": [], "description": null, "info": "", "images": [{"small": "https://rema-product-images.digital.rema1000.dk/134417/1-small-Z8qplm2Jq3.webp", "medium": "https://rema-product-images.digital.rema1000.dk/134417/1-medium-Z8qplm2Jq3.webp", "large": "https://rema-product-images.digital.rema1000.dk/134417/1-large-Z8qplm2Jq3.webp"}], "prices": [{"price": 25, "price_over_max_quantity": null, "max_quantity": null, "is_advertised": false, "is_campaign": false, "starting_at": "2024-04-18T00:00:00+00:00", "ending_at": "2099-12-31T00:00:00+00:00", "deposit": null, "compare_unit": "ltr", "compare_unit_price": 100, "consumption_unit": null, "consumption_quantity": null}], "temperature_zone": null, "is_self_scale_item": false, "is_weight_item": false, "is_available_in_all_stores": true, "is_batch_item": false}
{"id": 134812, "name": "SÆBEBAR", "underline": "4 STK. / PALMOLIVE OLIVEN", "age_limit": null, "hazard_precaution_statements": [], "labels": [], "description": "Vores sæbebar til hænder, krop og ansigt har en formel, der indeholder en blanding af oliven og mælk for at hjælpe med at få din hud til at føles fugtet. Den indeholder også ingredienser af 98 % naturlig oprindelse, har en 98 % bionedbrydelig sæbeformel og en papirindpakning, som du kan genbruge. 90 gr. pr. sæbebar. 4 stk. sæbebar pr. pakke", "info": "", "images": [{"small": "https://rema-product-images.digital.rema1000.dk/134812/1-small-18oXzW8L9k.webp", "medium": "https://rema-product-images.digital.rema1000.dk/134812/1-medium-18oXzW8L9k.webp", "large": "https://rema-product-images.digital.rema1000.dk/134812/1-large-18oXzW8L9k.webp"}], "prices": [{"price": 20, "price_over_max_quantity": null, "max_quantity": null, "is_advertised": false, "is_campaign": false, "starting_at": "2024-03-14T00:00:00+00:00", "ending_at": "2099-12-31T00:00:00+00:00", "deposit": null, "compare_unit": "stk", "compare_unit_price": 5, "consumption_unit": null, "consumption_quantity": null}], "temperature_zone": null, "is_self_scale_item": false, "is_weight_item": false, "is_available_in_all_stores": true, "is_batch_item": false}
{"id": 135015, "name": "KONDOMER", "underline": "10 STK. / PROTEX CLASSIC FIT", "age_limit": null, "hazard_precaution_statements": [], "labels": [], "description": null, "info": "", "images": [{"small": "https://rema-product-images.digital.rema1000.dk/135015/1-small-KpqRrW51qL.webp", "medium": "https://rema-product-images.digital.rema1000.dk/135015/1-medium-KpqRrW51qL.webp", "large": "https://rema-product-images.digital.rema1000.dk/135015/1-large-KpqRrW51qL.webp"}], "prices": [{"price": 24.95, "price_over_max_quantity": null, "max_quantity": null, "is_advertised": false, "is_campaign": false, "starting_at": "2023-08-17T00:00:00+00:00", "ending_at": "2099-12-31T00:00:00+00:00", "deposit": null, "compare_unit": "stk", "compare_unit_price": 2.5, "consumption_unit": null, "consumption_quantity": null}], "temperature_zone": null, "is_self_scale_item": false, "is_weight_item": false, "is_available_in_all_stores": true, "is_batch_item": false}
{"id": 135430, "name": "TAMPON", "underline": "30 STK. / TAMPAX REGULAR", "age_limit": null, "hazard_precaution_statements": [], "labels": [], "description": "Tampax Regular-tamponer med indføringshylster af pap hjælper dig med at føle dig ren og tryg. Det er tamponer uden plastik og uden parfume og farvestoffer.  Tampax-tamponer har en absorberende kerne og et beskyttende skørt for ekstra backup-beskyttelse. Papapplikatoren har et skridsikkert greb, der gør den nem at indføre, og tamponkernen har et behageligt lag af 100 % bomuld. Tampax Regular-tamponer med indføringshylster af pap er til dage med let til medium blødning under menstruationen. Tampax tamponer er gynækologisk testet. De er også uafhængigt testet for skadelige stoffer af Oeko-Tex. Føl dig ren og tryg. ", "info": "", "images": [{"small": "https://rema-product-images.digital.rema1000.dk/135430/1-small-869D7RGbqM.webp", "medium": "https://rema-product-images.digital.rema1000.dk/135430/1-medium-869D7RGbqM.webp", "large": "https://rema-product-images.digital.rema1000.dk/135430/1-large-869D7RGbqM.webp"}], "prices": [{"price": 45.95, "price_over_max_quantity": null, "max_quantity": null, "is_advertised": false, "is_campaign": false, "starting_at": "2025-02-06T00:00:00+00:00", "ending_at": "2025-08-23T00:00:00+00:00", "deposit": null, "compare_unit": "stk", "compare_unit_price": 1.53, "consumption_unit": null, "consumption_quantity": null}], "temperature_zone": null, "is_self_scale_item": false, "is_weight_item": false, "is_available_in_all_stores": true, "is_batch_item": false}
{"id": 135432, "name": "TAMPONER", "underline": "30 STK. / TAMPAX SUPER PLUS", "age_limit": null, "hazard_precaution_statements": [], "labels": [], "description": "Vælg altid den mindst mulige sugeevne til at dække dit behov. Skift hver 4-8 time. ", "info": "", "images": [{"small": "https://rema-product-images.digital.rema1000.dk/135432/1-small-nDPWJyWp9W.webp", "medium": "https://rema-product-images.digital.rema1000.dk/135432/1-medium-nDPWJyWp9W.webp", "large": "https://rema-product-images.digital.rema1000.dk/135432/1-large-nDPWJyWp9W.webp"}], "prices": [{"price": 45.95, "price_over_max_quantity": null, "max_quantity": null, "is_advertised": false, "is_campaign": false, "starting_at": "2025-02-06T00:00:00+00:00", "ending_at": "2025-08-23T00:00:00+00:00", "deposit": null, "compare_unit": "stk", "compare_unit_price": 1.53, "consumption_unit": null, "consumption_quantity": null}], "temperature_zone": null, "is_self_scale_item": false, "is_weight_item": false, "is_available_in_all_stores": true, "is_batch_item": false}
{"id": 136035, "name": "BLISTER PREVENTION", "underline": "6 STK. / SALVEQUICK HEELS", "age_limit": null, "hazard_precaution_statements": [], "labels": [], "description": null, "info": "", "images": [{"small": "https://rema-product-images.digital.rema1000.dk/136035/1-small-Gb9kMgE4o7.webp", "medium": "https://rema-product-images.digital.rema1000.dk/136035/1-medium-Gb9kMgE4o7.webp", "large": "https://rema-product-images.digital.rema1000.dk/136035/1-large-Gb9kMgE4o7.webp"}], "prices": [{"price": 43, "price_over_max_quantity": null, "max_quantity": null, "is_advertised": false, "is_campaign": false, "starting_at": "2025-01-16T00:00:00+00:00", "ending_at": "2099-12-31T00:00:00+00:00", "deposit": null, "compare_unit": "stk", "compare_unit_price": 7.17, "consumption_unit": null, "consumption_quantity": null}], "temperature_zone": null, "is_self_scale_item": false, "is_weight_item": false, "is_available_in_all_stores": true, "is_batch_item": false}
{"id": 136044, "name": "PLASTER", "underline": "22 STK. / SALVEQUICK AQUA RESIST", "age_limit": null, "hazard_precaution_statements": [], "labels": [], "description": "Plaster i plast som både er vand- og snavsafvisende.  Plastret lader huden ånde, har en højabsorberende sårpude og passer perfekt til de fleste steder på kroppen.", "info": "", "images": [{"small": "https://rema-product-images.digital.rema1000.dk/136044/1-small-xePwy6XOqw.webp", "medium": "https://rema-product-images.digital.rema1000.dk/136044/1-medium-xePwy6XOqw.webp", "large": "https://rema-product-images.digital.rema1000.dk/136044/1-large-xePwy6XOqw.webp"}], "prices": [{"price": 19.95, "price_over_max_quantity": null, "max_quantity": null, "is_advertised": false, "is_campaign": false, "starting_at": "2022-06-30T00:00:00+00:00", "ending_at": "2099-12-31T00:00:00+00:00", "deposit": null, "compare_unit": "stk", "compare_unit_price": 0.91, "consumption_unit": null, "consumption_quantity": null}], "temperature_zone": null, "is_self_scale_item": false, "is_weight_item": false, "is_available_in_all_stores": true, "is_batch_item": false}
{"id": 136151, "name": "BOMULDSVAT", "underline": "100 GR. / REMA 1000", "age_limit": null, "hazard_precaution_statements": [], "labels": [{"id": 2, "name": "REMA1000", "image": "https://static-assets.digital.rema1000.dk/product/labels/2-64.webp"}], "description": "Velegnet til rensning af huden og fjernelse af make-up samt neglelak.", "info": "", "images": [{"small": "https://rema-product-images.digital.rema1000.dk/136151/1-small-v09gyMdEoA.webp", "medium": "https://rema-product-images.digital.rema1000.dk/136151/1-medium-v09gyMdEoA.webp", "large": "https://rema-product-images.digital.rema1000.dk/136151/1-large-v09gyMdEoA.webp"}], "prices": [{"price": 6.95, "price_over_max_quantity": null, "max_quantity": null, "is_advertised": false, "is_campaign": false, "starting_at": "2023-08-18T00:00:00+00:00", "ending_at": "2099-12-31T00:00:00+00:00", "deposit": null, "compare_unit": "kg", "compare_unit_price": 69.5, "consumption_unit": null, "consumption_quantity": null}], "temperature_zone": null, "is_self_scale_item": false, "is_weight_item": false, "is_available_in_all_stores": true, "is_batch_item": false}
{"id": 136409, "name": "NEGLEBØRSTE", "underline": "1 STK. / 8,5X3,8X3,5 CM", "age_limit": null, "hazard_precaution_statements": [], "labels": [], "description": null, "info": "", "images": [{"small": "https://rema-product-images.digital.rema1000.dk/136409/1-small-aboK8BDGqp.webp", "medium": "https://rema-product-images.digital.rema1000.dk/136409/1-medium-aboK8BDGqp.webp", "large": "https://rema-product-images.digital.rema1000.dk/136409/1-large-aboK8BDGqp.webp"}], "prices": [{"price": 10, "price_over_max_quantity": null, "max_quantity": null, "is_advertised": false, "is_campaign": false, "starting_at": "2023-08-30T00:00:00+00:00", "ending_at": "2099-12-31T00:00:00+00:00", "deposit": null, "compare_unit": "stk", "compare_unit_price": 10, "consumption_unit": null, "consumption_quantity": null}], "temperature_zone": null, "is_self_scale_item": false, "is_weight_item": false, "is_available_in_all_stores": true, "is_batch_item": false}
{"id": 136421, "name": "LÆBEPOMADE", "underline": "4.25 GR. / CARMEX STICK SPF15", "age_limit": null, "hazard_precaution_statements": [], "labels": [], "description": "Carmex Stick med SPF 15. Carmex prisvindende læbepomade har en lækker, rig konsistens, der trænger hurtigt ind uden at fedte.   Med ingredienser som kakaosmør, kamfer, mentol og lanolin opnår dine læber den optimale beskyttelse i alt slags vejr. Påføres jævnt/jævnt ved behov. Bare/kun til utvortes bruk. Skal ikke brukes av barn under 3 år gamle. ", "info": "", "images": [{"small": "https://rema-product-images.digital.rema1000.dk/136421/1-small-bJ9YaROx9L.webp", "medium": "https://rema-product-images.digital.rema1000.dk/136421/1-medium-bJ9YaROx9L.webp", "large": "https://rema-product-images.digital.rema1000.dk/136421/1-large-bJ9YaROx9L.webp"}], "prices": [{"price": 20, "price_over_max_quantity": null, "max_quantity": null, "is_advertised": false, "is_campaign": false, "starting_at": "2025-02-20T00:00:00+00:00", "ending_at": "2025-09-06T00:00:00+00:00", "deposit": null, "compare_unit": "kg", "compare_unit_price": 4705.88, "consumption_unit": null, "consumption_quantity": null}], "temperature_zone": null, "is_self_scale_item": false, "is_weight_item": false, "is_available_in_all_stores": true, "is_batch_item": false}
{"id": 136511, "name": "BADESVAMP", "underline": "1 STK. / 8X10X4 CM", "age_limit": null, "hazard_precaution_statements": [], "labels": [], "description": null, "info": "", "images": [{"small": "https://rema-product-images.digital.rema1000.dk/136511/1-small-A5qVzXN1qa.webp", "medium": "https://rema-product-images.digital.rema1000.dk/136511/1-medium-A5qVzXN1qa.webp", "large": "https://rema-product-images.digital.rema1000.dk/136511/1-large-A5qVzXN1qa.webp"}], "prices": [{"price": 10, "price_over_max_quantity": null, "max_quantity": null, "is_advertised": false, "is_campaign": false, "starting_at": "2023-08-31T00:00:00+00:00", "ending_at": "2099-12-31T00:00:00+00:00", "deposit": null, "compare_unit": "stk", "compare_unit_price": 10, "consumption_unit": null, "consumption_quantity": null}], "temperature_zone": null, "is_self_scale_item": false, "is_weight_item": false, "is_available_in_all_stores": true, "is_batch_item": false}
{"id": 136810, "name": "TANDTRÅD", "underline": "40 MTR. / REMA 1000 MINT OG FLOUR", "age_limit": null, "hazard_precaution_statements": [], "labels": [{"id": 2, "name": "REMA1000", "image": "https://static-assets.digital.rema1000.dk/product/labels/2-64.webp"}], "description": "Tag et stykke på ca. 50 cm. Vikler tråden omkring din højre og venstre pegefinger. Brug tommelfingrene som guide. Brug kun et kort stykke tråd til at arbejde med. Træk tråden i en savende bevægelse ned mellem tænderne. Mas ikke tråden hårdt op i  tandkødet, da dette kan forvolde skade. Hold tråden omkring forsiden og bagsiden af tanden i en vinkel og bevæg den nu forsigtig ned mod og et godt stykke under tandkødsranden. Dette gentages mod nabotanden.", "info": "", "images": [{"small": "https://rema-product-images.digital.rema1000.dk/136810/1-small-Al90WGQyq8.webp", "medium": "https://rema-product-images.digital.rema1000.dk/136810/1-medium-Al90WGQyq8.webp", "large": "https://rema-product-images.digital.rema1000.dk/136810/1-large-Al90WGQyq8.webp"}], "prices": [{"price": 8, "price_over_max_quantity": null, "max_quantity": null, "is_advertised": false, "is_campaign": false, "starting_at": "2023-05-11T00:00:00+00:00", "ending_at": "2099-12-31T00:00:00+00:00", "deposit": null, "compare_unit": "mtr", "compare_unit_price": 0.2, "consumption_unit": null, "consumption_quantity": null}], "temperature_zone": null, "is_self_scale_item": false, "is_weight_item": false, "is_available_in_all_stores": true, "is_batch_item": false}
{"id": 136811, "name": "TANDSTIK", "underline": "32 STK. / REMA 1000 MED TANDTRÅD", "age_limit": null, "hazard_precaution_statements": [], "labels": [{"id": 2, "name": "REMA1000", "image": "https://static-assets.digital.rema1000.dk/product/labels/2-64.webp"}], "description": "Flossere/tandtråd gør det nemt at rense mellem tænderne. Træk tråden i en savende bevægelse ned mellem tænderne. Mas ikke tråden hårdt op i tandkødet, da dette kan forvolde skade. Bevæg tråden nu forsigtig ned mod og et godt stykke under  tandkødsranden. Dette gentages mod nabotanden.", "info": "", "images": [{"small": "https://rema-product-images.digital.rema1000.dk/136811/1-small-A5qVzXbLqa.webp", "medium": "https://rema-product-images.digital.rema1000.dk/136811/1-medium-A5qVzXbLqa.webp", "large": "https://rema-product-images.digital.rema1000.dk/136811/1-large-A5qVzXbLqa.webp"}], "prices": [{"price": 9.95, "price_over_max_quantity": null, "max_quantity": null, "is_advertised": false, "is_campaign": false, "starting_at": "2021-07-01T00:00:00+00:00", "ending_at": "2099-12-31T00:00:00+00:00", "deposit": null, "compare_unit": "stk", "compare_unit_price": 0.31, "consumption_unit": null, "consumption_quantity": null}], "temperature_zone": null, "is_self_scale_item": false, "is_weight_item": false, "is_available_in_all_stores": true, "is_batch_item": false}
{"id": 136812, "name": "TANDPASTA", "underline": "125 ML. / REMA 1000", "age_limit": null, "hazard_precaution_statements": [], "labels": [{"id": 2, "name": "REMA1000", "image": "https://static-assets.digital.rema1000.dk/product/labels/2-64.webp"}], "description": "Voksne og børn over 6 år: Børst tænderne med en passende mængde tandpasta to gange om dagen. Børn på 6 år og derunder: Anvend en mængde svarende til en ært og overvåg børstningen for at minimere indtagelsen. Rådfør dig med tandlægen eller lægen,  hvis der også indtages fluorid fra andre kilder.", "info": "", "images": [{"small": "https://rema-product-images.digital.rema1000.dk/136812/1-small-18oXzvRY9k.webp", "medium": "https://rema-product-images.digital.rema1000.dk/136812/1-medium-18oXzvRY9k.webp", "large": "https://rema-product-images.digital.rema1000.dk/136812/1-large-18oXzvRY9k.webp"}], "prices": [{"price": 3.95, "price_over_max_quantity": null, "max_quantity": null, "is_advertised": false, "is_campaign": false, "starting_at": "2023-03-30T00:00:00+00:00", "ending_at": "2099-12-31T00:00:00+00:00", "deposit": null, "compare_unit": "ltr", "compare_unit_price": 31.6, "consumption_unit": null, "consumption_quantity": null}], "temperature_zone": null, "is_self_scale_item": false, "is_weight_item": false, "is_available_in_all_stores": true, "is_batch_item": false}
{"id": 140001, "name": "TOILETBLOK", "underline": "40 GR. / REMA 1000 OCEAN", "age_limit": null, "hazard_precaution_statements": ["Forårsager hudirritation.", "Forårsager alvorlig øjenskade.", "Skadelig for vandlevende organismer, med langvarige virkninger.", "Hvis der er brug for lægehjælp, medbring da beholderen eller etiketten.", "Opbevares utilgængeligt for børn.", "Bær beskyttelseshandsker/beskyttelsestøj/øjenbeskyttelse/ansigtsbeskyttelse.", "VED KONTAKT MED HUDEN: Vask med rigeligt sæbe og vand.", "VED KONTAKT MED ØJNENE: Skyl forsigtigt med vand i flere minutter. Fjern eventuelle kontaktlinser, hvis dette kan gøres let. Fortsæt skylning.", "Ring omgående til en GIFTINFORMATION eller en læge.", "Indholdet/beholderen bortskaffes i overensstemmelse med lokale regler."], "labels": [{"id": 2, "name": "REMA1000", "image": "https://static-assets.digital.rema1000.dk/product/labels/2-64.webp"}], "description": null, "info": "", "images": [{"small": "https://rema-product-images.digital.rema1000.dk/140001/1-small-ElPB12nX9k.webp", "medium": "https://rema-product-images.digital.rema1000.dk/140001/1-medium-ElPB12nX9k.webp", "large": "https://rema-product-images.digital.rema1000.dk/140001/1-large-ElPB12nX9k.webp"}], "prices": [{"price": 4.95, "price_over_max_quantity": null, "max_quantity": null, "is_advertised": false, "is_campaign": false, "starting_at": "2018-05-04T00:00:00+00:00", "ending_at": "2099-12-31T00:00:00+00:00", "deposit": null, "compare_unit": "kg", "compare_unit_price": 123.75, "consumption_unit": null, "consumption_quantity": null}], "temperature_zone": null, "is_self_scale_item": false, "is_weight_item": false, "is_available_in_all_stores": true, "is_batch_item": false}
{"id": 140005, "name": "TOILETBLOKKE", "underline": "2 STK. / REMA 1000 PARFUMEFRI", "age_limit": null, "hazard_precaution_statements": ["Forårsager hudirritation.", "Forårsager alvorlig øjenirritation.", "Skadelig for vandlevende organismer, med langvarige virkninger."], "labels": [{"id": 2, "name": "REMA1000", "image": "https://static-assets.digital.rema1000.dk/product/labels/2-64.webp"}, {"id": 87, "name": "Asthma Allergy Nordic", "image": "https://static-assets.digital.rema1000.dk/product/labels/87-64.webp"}], "description": null, "info": "", "images": [{"small": "https://rema-product-images.digital.rema1000.dk/140005/1-small-xQq8gldzoZ.webp", "medium": "https://rema-product-images.digital.rema1000.dk/140005/1-medium-xQq8gldzoZ.webp", "large": "https://rema-product-images.digital.rema1000.dk/140005/1-large-xQq8gldzoZ.webp"}], "prices": [{"price": 16.95, "price_over_max_quantity": null, "max_quantity": null, "is_advertised": false, "is_campaign": false, "starting_at": "2019-03-26T00:00:00+00:00", "ending_at": "2099-12-31T00:00:00+00:00", "deposit": null, "compare_unit": "stk", "compare_unit_price": 8.48, "consumption_unit": null, "consumption_quantity": null}], "temperature_zone": null, "is_self_scale_item": false, "is_weight_item": false, "is_available_in_all_stores": true, "is_batch_item": false}
{"id": 140011, "name": "MASKINOPVASK GEL", "underline": "650 ML. / REMA 1000 ALT-I-ÉN", "age_limit": null, "hazard_precaution_statements": ["Indeholder subtilisin. Kan udløse allergisk reaktion", "Sikkerhedsdatablad kan på anmodning rekvireres."], "labels": [{"id": 2, "name": "REMA1000", "image": "https://static-assets.digital.rema1000.dk/product/labels/2-64.webp"}, {"id": 42, "name": "Svanemærket", "image": "https://static-assets.digital.rema1000.dk/product/labels/42-64.webp"}, {"id": 87, "name": "Asthma Allergy Nordic", "image": "https://static-assets.digital.rema1000.dk/product/labels/87-64.webp"}], "description": null, "info": "", "images": [{"small": "https://rema-product-images.digital.rema1000.dk/140011/1-small-A5qVzmByqa.webp", "medium": "https://rema-product-images.digital.rema1000.dk/140011/1-medium-A5qVzmByqa.webp", "large": "https://rema-product-images.digital.rema1000.dk/140011/1-large-A5qVzmByqa.webp"}], "prices": [{"price": 34.95, "price_over_max_quantity": null, "max_quantity": null, "is_advertised": false, "is_campaign": false, "starting_at": "2022-04-28T00:00:00+00:00", "ending_at": "2099-12-31T00:00:00+00:00", "deposit": null, "compare_unit": "ltr", "compare_unit_price": 53.77, "consumption_unit": "wash", "consumption_quantity": 38}], "temperature_zone": null, "is_self_scale_item": false, "is_weight_item": false, "is_available_in_all_stores": true, "is_batch_item": false}
{"id": 140070, "name": "POWER MOUSSE", "underline": "500 ML. / AJAX MULTI SURFACE", "age_limit": null, "hazard_precaution_statements": ["Forårsager alvorlig øjenskade.", "Forårsager hudirritation.", "Opbevares utilgængeligt for børn.", "Hvis der er brug for lægehjælp, medbring da beholderen eller etiketten.", "VED KONTAKT MED ØJNENE: Skyl forsigtigt med vand i flere minutter. Fjern eventuelle kontaktlinser, hvis dette kan gøres let. Fortsæt skylning.", "Ring omgående til en GIFTINFORMATION eller en læge.", "VED KONTAKT MED HUDEN: Vask med rigeligt sæbe og vand."], "labels": [{"id": 57, "name": "Ecolabel", "image": "https://static-assets.digital.rema1000.dk/product/labels/57-64.webp"}], "description": "Hold dine overflader rene og skinnende med Ajax Power Mousse Universal spray. Denne universal spray med en tyk skum tekstur leverer 100% skum power og den sidder bedre fast på lodrette overflader og kan bruges på mange overflader i dit hjem så som dit køkken, bad og gulve. Denne universalrengøringsspray giver dig den 100% rengøringspower du forventer fra Ajax og efterlader dine overflader skinnende rene.", "info": "", "images": [{"small": "https://rema-product-images.digital.rema1000.dk/140070/1-small-kOq3bQB5o6.webp", "medium": "https://rema-product-images.digital.rema1000.dk/140070/1-medium-kOq3bQB5o6.webp", "large": "https://rema-product-images.digital.rema1000.dk/140070/1-large-kOq3bQB5o6.webp"}], "prices": [{"price": 21.95, "price_over_max_quantity": null, "max_quantity": null, "is_advertised": false, "is_campaign": false, "starting_at": "2025-02-14T00:00:00+00:00", "ending_at": "2099-12-31T00:00:00+00:00", "deposit": null, "compare_unit": "ltr", "compare_unit_price": 43.9, "consumption_unit": null, "consumption_quantity": null}], "temperature_zone": null, "is_self_scale_item": false, "is_weight_item": false, "is_available_in_all_stores": true, "is_batch_item": false}
{"id": 140079, "name": "CRYSTAL CLEAN GLAS", "underline": "750 ML. / AJAX SPRAY", "age_limit": null, "hazard_precaution_statements": [], "labels": [{"id": 9001, "name": "Avisvare", "image": "https://static-assets.digital.rema1000.dk/product/labels/9001-64.webp"}], "description": null, "info": "", "images": [{"small": "https://rema-product-images.digital.rema1000.dk/140079/1-small-Gb9kMYpdo7.webp", "medium": "https://rema-product-images.digital.rema1000.dk/140079/1-medium-Gb9kMYpdo7.webp", "large": "https://rema-product-images.digital.rema1000.dk/140079/1-large-Gb9kMYpdo7.webp"}], "prices": [{"price": 20, "price_over_max_quantity": null, "max_quantity": null, "is_advertised": true, "is_campaign": false, "starting_at": "2025-08-17T00:00:00+00:00", "ending_at": "2025-11-15T00:00:00+00:00", "deposit": null, "compare_unit": "ltr", "compare_unit_price": 26.67, "consumption_unit": null, "consumption_quantity": null}], "temperature_zone": null, "is_self_scale_item": false, "is_weight_item": false, "is_available_in_all_stores": true, "is_batch_item": true}
{"id": 140085, "name": "UNIVERSAL RENGØRING", "underline": "750 ML. / AJAX SPRAY", "age_limit": null, "hazard_precaution_statements": ["Forårsager alvorlig øjenskade.", "Forårsager hudirritation.", "Hvis der er brug for lægehjælp, medbring da beholderen eller etiketten.", "Opbevares utilgængeligt for børn.", "VED KONTAKT MED ØJNENE: Skyl forsigtigt med vand i flere minutter. Fjern eventuelle kontaktlinser, hvis dette kan gøres let. Fortsæt skylning.", "Ring omgående til en GIFTINFORMATION eller en læge.", "VED KONTAKT MED HUDEN: Vask med rigeligt sæbe og vand."], "labels": [{"id": 9001, "name": "Avisvare", "image": "https://static-assets.digital.rema1000.dk/product/labels/9001-64.webp"}, {"id": 57, "name": "Ecolabel", "image": "https://static-assets.digital.rema1000.dk/product/labels/57-64.webp"}], "description": "Hold dine overflader skinnende rene med Ajax Universal spray. Denne overflade spray er lavet med ingredienser af 99% naturlig oprindelse ", "info": "", "images": [{"small": "https://rema-product-images.digital.rema1000.dk/140085/1-small-we9EO2dJog.webp", "medium": "https://rema-product-images.digital.rema1000.dk/140085/1-medium-we9EO2dJog.webp", "large": "https://rema-product-images.digital.rema1000.dk/140085/1-large-we9EO2dJog.webp"}], "prices": [{"price": 20, "price_over_max_quantity": null, "max_quantity": null, "is_advertised": true, "is_campaign": false, "starting_at": "2025-08-17T00:00:00+00:00", "ending_at": "2025-11-15T00:00:00+00:00", "deposit": null, "compare_unit": "ltr", "compare_unit_price": 26.67, "consumption_unit": null, "consumption_quantity": null}], "temperature_zone": null, "is_self_scale_item": false, "is_weight_item": false, "is_available_in_all_stores": true, "is_batch_item": true}
{"id": 140101, "name": "SHOWER POWER", "underline": "750 ML. / AJAX SPRAY", "age_limit": null, "hazard_precaution_statements": ["Forårsager alvorlig øjenskade.", "Forårsager hudirritation.", "Opbevares utilgængeligt for børn.", "Hvis der er brug for lægehjælp, medbring da beholderen eller etiketten.", "VED KONTAKT MED ØJNENE: Skyl forsigtigt med vand i flere minutter. Fjern eventuelle kontaktlinser, hvis dette kan gøres let. Fortsæt skylning.", "Ring omgående til en GIFTINFORMATION eller en læge.", "VED KONTAKT MED HUDEN: Vask med rigeligt sæbe og vand."], "labels": [{"id": 9001, "name": "Avisvare", "image": "https://static-assets.digital.rema1000.dk/product/labels/9001-64.webp"}], "description": "Hold dine overflader skinnende rene med Ajax Shower Power Spray. Denne brusebads rengøring er lavet med ingredienser af 99% naturlig oprindelse", "info": "", "images": [{"small": "https://rema-product-images.digital.rema1000.dk/140101/1-small-ElPB12KY9k.webp", "medium": "https://rema-product-images.digital.rema1000.dk/140101/1-medium-ElPB12KY9k.webp", "large": "https://rema-product-images.digital.rema1000.dk/140101/1-large-ElPB12KY9k.webp"}], "prices": [{"price": 20, "price_over_max_quantity": null, "max_quantity": null, "is_advertised": true, "is_campaign": false, "starting_at": "2025-08-17T00:00:00+00:00", "ending_at": "2025-11-15T00:00:00+00:00", "deposit": null, "compare_unit": "ltr", "compare_unit_price": 26.67, "consumption_unit": null, "consumption_quantity": null}], "temperature_zone": null, "is_self_scale_item": false, "is_weight_item": false, "is_available_in_all_stores": true, "is_batch_item": true}
{"id": 140110, "name": "KLORIN", "underline": "1.5 LTR. / ORIGINAL", "age_limit": null, "hazard_precaution_statements": ["Forårsager hudirritation.", "Forårsager alvorlig øjenskade.", "Meget giftig for vandlevende organismer.", "Giftig for vandlevende organismer, med langvarige virkninger.", "Kan ætse metaller.", "Hvis der er brug for lægehjælp, medbring da beholderen eller etiketten.", "Opbevares utilgængeligt for børn.", "Opbevares kun i originalemballagen.", "VED KONTAKT MED ØJNENE: Skyl forsigtigt med vand i flere minutter. Fjern eventuelle kontaktlinser, hvis dette kan gøres let. Fortsæt skylning.", "Ring omgående til en GIFTINFORMATION eller en læge.", "VED KONTAKT MED HUDEN: Vask med rigeligt sæbe og vand.", "Indholdet/beholderen bortskaffes i overensstemmelse med lokale regler."], "labels": [], "description": "", "info": "", "images": [{"small": "https://rema-product-images.digital.rema1000.dk/140110/1-small-Al90Wlgyq8.webp", "medium": "https://rema-product-images.digital.rema1000.dk/140110/1-medium-Al90Wlgyq8.webp", "large": "https://rema-product-images.digital.rema1000.dk/140110/1-large-Al90Wlgyq8.webp"}], "prices": [{"price": 24.95, "price_over_max_quantity": null, "max_quantity": null, "is_advertised": false, "is_campaign": false, "starting_at": "2023-02-02T00:00:00+00:00", "ending_at": "2099-12-31T00:00:00+00:00", "deposit": null, "compare_unit": "ltr", "compare_unit_price": 16.63, "consumption_unit": null, "consumption_quantity": null}], "temperature_zone": null, "is_self_scale_item": false, "is_weight_item": false, "is_available_in_all_stores": true, "is_batch_item": false}
{"id": 140128, "name": "BATHROOM", "underline": "750 ML. / AJAX SPRAY", "age_limit": null, "hazard_precaution_statements": ["Forårsager alvorlig øjenskade.", "Hvis der er brug for lægehjælp, medbring da beholderen eller etiketten.", "Opbevares utilgængeligt for børn.", "VED KONTAKT MED ØJNENE: Skyl forsigtigt med vand i flere minutter. Fjern eventuelle kontaktlinser, hvis dette kan gøres let. Fortsæt skylning.", "Ring omgående til en GIFTINFORMATION eller en læge."], "labels": [{"id": 9001, "name": "Avisvare", "image": "https://static-assets.digital.rema1000.dk/product/labels/9001-64.webp"}], "description": null, "info": "", "images": [{"small": "https://rema-product-images.digital.rema1000.dk/140128/1-small-xyqajV269D.webp", "medium": "https://rema-product-images.digital.rema1000.dk/140128/1-medium-xyqajV269D.webp", "large": "https://rema-product-images.digital.rema1000.dk/140128/1-large-xyqajV269D.webp"}], "prices": [{"price": 20, "price_over_max_quantity": null, "max_quantity": null, "is_advertised": true, "is_campaign": false, "starting_at": "2025-08-17T00:00:00+00:00", "ending_at": "2025-11-15T00:00:00+00:00", "deposit": null, "compare_unit": "ltr", "compare_unit_price": 26.67, "consumption_unit": null, "consumption_quantity": null}], "temperature_zone": null, "is_self_scale_item": false, "is_weight_item": false, "is_available_in_all_stores": true, "is_batch_item": true}
{"id": 140167, "name": "UNIVERSAL KLUDE", "underline": "3 STK. / REMA 1000 NATURLIGE FIBRE", "age_limit": null, "hazard_precaution_statements": [], "labels": [{"id": 2, "name": "REMA1000", "image": "https://static-assets.digital.rema1000.dk/product/labels/2-64.webp"}], "description": "Produceret af FSC certificeret viskose, hvilket er med til at sikre et bæredygtigt skovbrug. 38x38 cm OBS. Kluden kan krympe ca. 8%", "info": "", "images": [{"small": "https://rema-product-images.digital.rema1000.dk/140167/1-small-MNqZn5ZgqA.webp", "medium": "https://rema-product-images.digital.rema1000.dk/140167/1-medium-MNqZn5ZgqA.webp", "large": "https://rema-product-images.digital.rema1000.dk/140167/1-large-MNqZn5ZgqA.webp"}], "prices": [{"price": 9.95, "price_over_max_quantity": null, "max_quantity": null, "is_advertised": false, "is_campaign": false, "starting_at": "2022-03-24T00:00:00+00:00", "ending_at": "2025-09-06T00:00:00+00:00", "deposit": null, "compare_unit": "stk", "compare_unit_price": 3.32, "consumption_unit": null, "consumption_quantity": null}], "temperature_zone": null, "is_self_scale_item": false, "is_weight_item": false, "is_available_in_all_stores": true, "is_batch_item": false}
{"id": 140168, "name": "SKURECREME", "underline": "500 ML. / REMA 1000 PARFUMEFRI", "age_limit": null, "hazard_precaution_statements": [], "labels": [{"id": 2, "name": "REMA1000", "image": "https://static-assets.digital.rema1000.dk/product/labels/2-64.webp"}, {"id": 42, "name": "Svanemærket", "image": "https://static-assets.digital.rema1000.dk/product/labels/42-64.webp"}, {"id": 87, "name": "Asthma Allergy Nordic", "image": "https://static-assets.digital.rema1000.dk/product/labels/87-64.webp"}], "description": null, "info": "", "images": [{"small": "https://rema-product-images.digital.rema1000.dk/140168/1-small-vXodjv8v93.webp", "medium": "https://rema-product-images.digital.rema1000.dk/140168/1-medium-vXodjv8v93.webp", "large": "https://rema-product-images.digital.rema1000.dk/140168/1-large-vXodjv8v93.webp"}], "prices": [{"price": 11.95, "price_over_max_quantity": null, "max_quantity": null, "is_advertised": false, "is_campaign": false, "starting_at": "2024-05-16T00:00:00+00:00", "ending_at": "2099-12-31T00:00:00+00:00", "deposit": null, "compare_unit": "ltr", "compare_unit_price": 23.9, "consumption_unit": null, "consumption_quantity": null}], "temperature_zone": null, "is_self_scale_item": false, "is_weight_item": false, "is_available_in_all_stores": true, "is_batch_item": false}
{"id": 140197, "name": "KLOR", "underline": "1.5 LTR. / REMA 1000", "age_limit": null, "hazard_precaution_statements": ["Forårsager hudirritation.", "Forårsager alvorlig øjenskade.", "Skadelig for vandlevende organismer, med langvarige virkninger.", "Hvis der er brug for lægehjælp, medbring da beholderen eller etiketten.", "Opbevares utilgængeligt for børn.", "Ring omgående til en GIFTINFORMATION eller en læge.", "VED KONTAKT MED HUDEN: Vask med rigeligt sæbe og vand.", "VED KONTAKT MED ØJNENE: Skyl forsigtigt med vand i flere minutter. Fjern eventuelle kontaktlinser, hvis dette kan gøres let. Fortsæt skylning.", "Indholdet/beholderen bortskaffes i overensstemmelse med lokale regler.", "Advarsel! Må ikke anvendes i forbindelse med andre produkter. Farlige luftarter (chlor) kan frigøres."], "labels": [{"id": 2, "name": "REMA1000", "image": "https://static-assets.digital.rema1000.dk/product/labels/2-64.webp"}], "description": "Brukes til/Bruges til: Rengjøring/Rengøring, desinfeksjon/desinfektion og bleking/blegning", "info": "", "images": [{"small": "https://rema-product-images.digital.rema1000.dk/140197/1-small-aboK8L0Vqp.webp", "medium": "https://rema-product-images.digital.rema1000.dk/140197/1-medium-aboK8L0Vqp.webp", "large": "https://rema-product-images.digital.rema1000.dk/140197/1-large-aboK8L0Vqp.webp"}], "prices": [{"price": 11.5, "price_over_max_quantity": null, "max_quantity": null, "is_advertised": false, "is_campaign": false, "starting_at": "2023-11-30T00:00:00+00:00", "ending_at": "2099-12-31T00:00:00+00:00", "deposit": null, "compare_unit": "ltr", "compare_unit_price": 7.67, "consumption_unit": null, "consumption_quantity": null}], "temperature_zone": null, "is_self_scale_item": false, "is_weight_item": false, "is_available_in_all_stores": true, "is_batch_item": false}
{"id": 140233, "name": "SKYLLEMIDDEL", "underline": "762 ML. / BAMSELINE LILJE & JORDBÆR", "age_limit": null, "hazard_precaution_statements": [], "labels": [{"id": 9001, "name": "Avisvare", "image": "https://static-assets.digital.rema1000.dk/product/labels/9001-64.webp"}], "description": "Bamseline Lilje & Jordbær blødgører tøjet under vask, så det bliver lette at stryge og indeholder antistatiske stoffer, som modvirker statisk elektricitet. ", "info": "", "images": [{"small": "https://rema-product-images.digital.rema1000.dk/140233/1-small-YLPjLeDAqk.webp", "medium": "https://rema-product-images.digital.rema1000.dk/140233/1-medium-YLPjLeDAqk.webp", "large": "https://rema-product-images.digital.rema1000.dk/140233/1-large-YLPjLeDAqk.webp"}], "prices": [{"price": 20, "price_over_max_quantity": null, "max_quantity": null, "is_advertised": true, "is_campaign": false, "starting_at": "2025-08-17T00:00:00+00:00", "ending_at": "2025-11-15T00:00:00+00:00", "deposit": null, "compare_unit": "ltr", "compare_unit_price": 26.25, "consumption_unit": "wash", "consumption_quantity": 30}], "temperature_zone": null, "is_self_scale_item": false, "is_weight_item": false, "is_available_in_all_stores": true, "is_batch_item": true}
{"id": 140240, "name": "RENGØRING", "underline": "1 LTR. / REMA 1000 PARFUMEFRI", "age_limit": null, "hazard_precaution_statements": ["Forårsager alvorlig øjenirritation.", "Hvis der er brug for lægehjælp, medbring da beholderen eller etiketten.", "Opbevares utilgængeligt for børn.", "VED KONTAKT MED ØJNENE: Skyl forsigtigt med vand i flere minutter. Fjern eventuelle kontaktlinser, hvis dette kan gøres let. Fortsæt skylning.", "Ved vedvarende øjenirritation: Søg lægehjælp."], "labels": [{"id": 2, "name": "REMA1000", "image": "https://static-assets.digital.rema1000.dk/product/labels/2-64.webp"}, {"id": 42, "name": "Svanemærket", "image": "https://static-assets.digital.rema1000.dk/product/labels/42-64.webp"}, {"id": 87, "name": "Asthma Allergy Nordic", "image": "https://static-assets.digital.rema1000.dk/product/labels/87-64.webp"}], "description": "Rengøring af badeværelse, gulve, vægge samt malet og lakeret træværk.<br /> ", "info": "", "images": [{"small": "https://rema-product-images.digital.rema1000.dk/140240/1-small-rQqQl2yboe.webp", "medium": "https://rema-product-images.digital.rema1000.dk/140240/1-medium-rQqQl2yboe.webp", "large": "https://rema-product-images.digital.rema1000.dk/140240/1-large-rQqQl2yboe.webp"}], "prices": [{"price": 11.95, "price_over_max_quantity": null, "max_quantity": null, "is_advertised": false, "is_campaign": false, "starting_at": "2022-04-28T00:00:00+00:00", "ending_at": "2099-12-31T00:00:00+00:00", "deposit": null, "compare_unit": "ltr", "compare_unit_price": 11.95, "consumption_unit": null, "consumption_quantity": null}], "temperature_zone": null, "is_self_scale_item": false, "is_weight_item": false, "is_available_in_all_stores": true, "is_batch_item": false}
{"id": 140258, "name": "VASKEPULVER", "underline": "688 GR. / A+ ESSENTIAL", "age_limit": null, "hazard_precaution_statements": ["Forårsager alvorlig øjenirritation.", "Hvis der er brug for lægehjælp, medbring da beholderen eller etiketten.", "Opbevares utilgængeligt for børn.", "VED KONTAKT MED ØJNENE: Skyl forsigtigt med vand i flere minutter. Fjern eventuelle kontaktlinser, hvis dette kan gøres let. Fortsæt skylning.", "I TILFÆLDE AF INDTAGELSE: Kontakt GIFTLINJEN eller en læge i tilfælde af ubehag.", "Indholdet/beholderen bortskaffes i henhold til de lokale/regionale/nationale forskrifter."], "labels": [], "description": null, "info": "", "images": [{"small": "https://rema-product-images.digital.rema1000.dk/140258/1-small-3Movl5rk9A.webp", "medium": "https://rema-product-images.digital.rema1000.dk/140258/1-medium-3Movl5rk9A.webp", "large": "https://rema-product-images.digital.rema1000.dk/140258/1-large-3Movl5rk9A.webp"}], "prices": [{"price": 26.95, "price_over_max_quantity": null, "max_quantity": null, "is_advertised": false, "is_campaign": false, "starting_at": "2025-07-03T00:00:00+00:00", "ending_at": "2099-12-31T00:00:00+00:00", "deposit": null, "compare_unit": "kg", "compare_unit_price": 39.17, "consumption_unit": "wash", "consumption_quantity": 10}], "temperature_zone": null, "is_self_scale_item": false, "is_weight_item": false, "is_available_in_all_stores": true, "is_batch_item": false}
{"id": 140273, "name": "POWER CLEANER", "underline": "750 ML. / REMA 1000 KØKKEN", "age_limit": null, "hazard_precaution_statements": ["Forårsager alvorlig øjenirritation.", "Hvis der er brug for lægehjælp, medbring da beholderen eller etiketten.", "Opbevares utilgængeligt for børn.", "Ved vedvarende øjenirritation: Søg lægehjælp.", "VED KONTAKT MED ØJNENE: Skyl forsigtigt med vand i flere minutter. Fjern eventuelle kontaktlinser, hvis dette kan gøres let. Fortsæt skylning."], "labels": [{"id": 2, "name": "REMA1000", "image": "https://static-assets.digital.rema1000.dk/product/labels/2-64.webp"}, {"id": 42, "name": "Svanemærket", "image": "https://static-assets.digital.rema1000.dk/product/labels/42-64.webp"}], "description": "Rengøring af vaskbare overflader i køkken, fjerner fedt og snavs.", "info": "", "images": [{"small": "https://rema-product-images.digital.rema1000.dk/140273/1-small-pYqxnrmnP1.webp", "medium": "https://rema-product-images.digital.rema1000.dk/140273/1-medium-pYqxnrmnP1.webp", "large": "https://rema-product-images.digital.rema1000.dk/140273/1-large-pYqxnrmnP1.webp"}], "prices": [{"price": 12.5, "price_over_max_quantity": null, "max_quantity": null, "is_advertised": false, "is_campaign": false, "starting_at": "2021-06-17T00:00:00+00:00", "ending_at": "2099-12-31T00:00:00+00:00", "deposit": null, "compare_unit": "ltr", "compare_unit_price": 16.67, "consumption_unit": null, "consumption_quantity": null}], "temperature_zone": null, "is_self_scale_item": false, "is_weight_item": false, "is_available_in_all_stores": true, "is_batch_item": false}
{"id": 140365, "name": "WC BLOK 3I1", "underline": "35 GR. / DOMESTOS OCEAN", "age_limit": null, "hazard_precaution_statements": ["Forårsager alvorlig øjenskade.", "Forårsager hudirritation.", "Skadelig for vandlevende organismer, med langvarige virkninger.", "Indeholder Sodium Dodecylbenzenesulfonate. Kan udløse allergisk reaktion", "Opbevares utilgængeligt for børn.", "Bær beskyttelseshandsker/beskyttelsestøj/øjenbeskyttelse/ansigtsbeskyttelse.", "VED KONTAKT MED HUDEN: Vask med rigeligt sæbe og vand.", "VED KONTAKT MED ØJNENE: Skyl forsigtigt med vand i flere minutter. Fjern eventuelle kontaktlinser, hvis dette kan gøres let. Fortsæt skylning.", "Ring omgående til en GIFTINFORMATION eller en læge.", "Indholdet/beholderen bortskaffes med almindelig dagrenovation."], "labels": [], "description": "Domestos 3 in1 Power Ocean WC-blok har en unik kombination af 3 funktioner: den rengør med et get der, hvor bakterier formerer sig, modvirker kalkaflejringer og frigører en frisk duft.  Domestos 3 in1 Power Ocean WC-blok fastgøres nemt med en justerbar krog, som er særligt designet til at passe perfekt til kanten af toiletkummen. Hver gang du skyller ud, frigøres aktive ingredienser fra blokken, som rengør og frisker toilettet op. Domestos 3 in1 Power Ocean WC-blok indeholder derudover en kalkfjerner som effektivt bekæmper og modvirker kalkaflejringer i kummen.", "info": "", "images": [{"small": "https://rema-product-images.digital.rema1000.dk/140365/1-small-bJ9YaMNp9L.webp", "medium": "https://rema-product-images.digital.rema1000.dk/140365/1-medium-bJ9YaMNp9L.webp", "large": "https://rema-product-images.digital.rema1000.dk/140365/1-large-bJ9YaMNp9L.webp"}], "prices": [{"price": 16.95, "price_over_max_quantity": null, "max_quantity": null, "is_advertised": false, "is_campaign": false, "starting_at": "2025-07-31T00:00:00+00:00", "ending_at": "2099-12-31T00:00:00+00:00", "deposit": null, "compare_unit": "kg", "compare_unit_price": 484.29, "consumption_unit": null, "consumption_quantity": null}], "temperature_zone": null, "is_self_scale_item": false, "is_weight_item": false, "is_available_in_all_stores": true, "is_batch_item": false}
{"id": 140412, "name": "RENGØRING CITRUS", "underline": "1 LTR. / REMA 1000", "age_limit": null, "hazard_precaution_statements": ["Forårsager alvorlig øjenirritation.", "Hvis der er brug for lægehjælp, medbring da beholderen eller etiketten.", "Opbevares utilgængeligt for børn.", "Ved vedvarende øjenirritation: Søg lægehjælp.", "VED KONTAKT MED ØJNENE: Skyl forsigtigt med vand i flere minutter. Fjern eventuelle kontaktlinser, hvis dette kan gøres let. Fortsæt skylning."], "labels": [{"id": 2, "name": "REMA1000", "image": "https://static-assets.digital.rema1000.dk/product/labels/2-64.webp"}, {"id": 42, "name": "Svanemærket", "image": "https://static-assets.digital.rema1000.dk/product/labels/42-64.webp"}], "description": null, "info": "", "images": [{"small": "https://rema-product-images.digital.rema1000.dk/140412/1-small-18oXzn2J9k.webp", "medium": "https://rema-product-images.digital.rema1000.dk/140412/1-medium-18oXzn2J9k.webp", "large": "https://rema-product-images.digital.rema1000.dk/140412/1-large-18oXzn2J9k.webp"}], "prices": [{"price": 7.95, "price_over_max_quantity": null, "max_quantity": null, "is_advertised": false, "is_campaign": false, "starting_at": "2023-03-02T00:00:00+00:00", "ending_at": "2099-12-31T00:00:00+00:00", "deposit": null, "compare_unit": "ltr", "compare_unit_price": 7.95, "consumption_unit": null, "consumption_quantity": null}], "temperature_zone": null, "is_self_scale_item": false, "is_weight_item": false, "is_available_in_all_stores": true, "is_batch_item": false}
{"id": 140458, "name": "DOMESTOS WC RENS", "underline": "750 ML. / ANTIKALK", "age_limit": null, "hazard_precaution_statements": ["Opbevares utilgængeligt for børn.", "Opbevares kun i originalemballagen.", "Undgå udledning til miljøet.", "Bær beskyttelseshandsker/beskyttelsestøj/øjenbeskyttelse/ansigtsbeskyttelse.", "VED KONTAKT MED HUDEN (eller håret): Tilsmudset tøj tages straks af/fjernes. Skyl [eller brus] huden med vand.", "VED KONTAKT MED ØJNENE: Skyl forsigtigt med vand i flere minutter. Fjern eventuelle kontaktlinser, hvis dette kan gøres let. Fortsæt skylning.", "Kontakt GIFTLINJEN eller en læge i tilfælde af ubehag.", "Udslip opsamles."], "labels": [], "description": null, "info": "", "images": [{"small": "https://rema-product-images.digital.rema1000.dk/140458/1-small-3Movl56V9A.webp", "medium": "https://rema-product-images.digital.rema1000.dk/140458/1-medium-3Movl56V9A.webp", "large": "https://rema-product-images.digital.rema1000.dk/140458/1-large-3Movl56V9A.webp"}], "prices": [{"price": 23.95, "price_over_max_quantity": null, "max_quantity": null, "is_advertised": false, "is_campaign": false, "starting_at": "2025-07-31T00:00:00+00:00", "ending_at": "2099-12-31T00:00:00+00:00", "deposit": null, "compare_unit": "ltr", "compare_unit_price": 31.93, "consumption_unit": null, "consumption_quantity": null}], "temperature_zone": null, "is_self_scale_item": false, "is_weight_item": false, "is_available_in_all_stores": true, "is_batch_item": false}
{"id": 140502, "name": "WETWIPE", "underline": "32 STK. / RENGØRINGSSERVIETTER", "age_limit": null, "hazard_precaution_statements": [], "labels": [{"id": 87, "name": "Asthma Allergy Nordic", "image": "https://static-assets.digital.rema1000.dk/product/labels/87-64.webp"}], "description": "Kludene er 100% Viskose i størrelsen 20x30 cm. 0% polyester (plastik).", "info": "", "images": [{"small": "https://rema-product-images.digital.rema1000.dk/140502/1-small-kAonldgy9x.webp", "medium": "https://rema-product-images.digital.rema1000.dk/140502/1-medium-kAonldgy9x.webp", "large": "https://rema-product-images.digital.rema1000.dk/140502/1-large-kAonldgy9x.webp"}], "prices": [{"price": 20.95, "price_over_max_quantity": null, "max_quantity": null, "is_advertised": false, "is_campaign": false, "starting_at": "2023-02-02T00:00:00+00:00", "ending_at": "2099-12-31T00:00:00+00:00", "deposit": null, "compare_unit": "stk", "compare_unit_price": 0.65, "consumption_unit": null, "consumption_quantity": null}], "temperature_zone": null, "is_self_scale_item": false, "is_weight_item": false, "is_available_in_all_stores": true, "is_batch_item": false}
{"id": 140508, "name": "GLASRENS SPRAY", "underline": "750 ML. / REMA 1000", "age_limit": null, "hazard_precaution_statements": [], "labels": [{"id": 2, "name": "REMA1000", "image": "https://static-assets.digital.rema1000.dk/product/labels/2-64.webp"}, {"id": 42, "name": "Svanemærket", "image": "https://static-assets.digital.rema1000.dk/product/labels/42-64.webp"}], "description": "Ruder, spejle, fliser, hårde hvidevarer, plast, <br /> forkromede armaturer, rustfrit stål og sanitet.<br />", "info": "", "images": [{"small": "https://rema-product-images.digital.rema1000.dk/140508/1-small-NpP7klnvPO.webp", "medium": "https://rema-product-images.digital.rema1000.dk/140508/1-medium-NpP7klnvPO.webp", "large": "https://rema-product-images.digital.rema1000.dk/140508/1-large-NpP7klnvPO.webp"}], "prices": [{"price": 11.95, "price_over_max_quantity": null, "max_quantity": null, "is_advertised": false, "is_campaign": false, "starting_at": "2024-05-16T00:00:00+00:00", "ending_at": "2099-12-31T00:00:00+00:00", "deposit": null, "compare_unit": "ltr", "compare_unit_price": 15.93, "consumption_unit": null, "consumption_quantity": null}], "temperature_zone": null, "is_self_scale_item": false, "is_weight_item": false, "is_available_in_all_stores": true, "is_batch_item": false}
{"id": 140555, "name": "VASKEKAPSLER", "underline": "12 STK. / BIO-TEX 3I1 COLOR", "age_limit": null, "hazard_precaution_statements": ["Opbevares utilgængeligt for børn.", "Undgå udledning til miljøet.", "VED KONTAKT MED HUDEN: Vask med rigeligt sæbe og vand.", "VED KONTAKT MED ØJNENE: Skyl forsigtigt med vand i flere minutter. Fjern eventuelle kontaktlinser, hvis dette kan gøres let. Fortsæt skylning.", "Ved hudirritation: Søg lægehjælp.", "Ved vedvarende øjenirritation: Søg lægehjælp."], "labels": [], "description": "Biotex 3-i-1 Color Vaskekapsler gør det let at vaske tøjet ved at fjerne alle bekymringer om korrekt dosering. Læg blot en kapsel ind i vaskemaskinens tromle før du lægger dit vasketøj i. Lettere bliver det ikke at få et strålende rent resultat.", "info": "", "images": [{"small": "https://rema-product-images.digital.rema1000.dk/140555/1-small-A5qVzmX3qa.webp", "medium": "https://rema-product-images.digital.rema1000.dk/140555/1-medium-A5qVzmX3qa.webp", "large": "https://rema-product-images.digital.rema1000.dk/140555/1-large-A5qVzmX3qa.webp"}], "prices": [{"price": 40.95, "price_over_max_quantity": null, "max_quantity": null, "is_advertised": false, "is_campaign": false, "starting_at": "2025-07-31T00:00:00+00:00", "ending_at": "2099-12-31T00:00:00+00:00", "deposit": null, "compare_unit": "stk", "compare_unit_price": 3.41, "consumption_unit": null, "consumption_quantity": null}], "temperature_zone": null, "is_self_scale_item": false, "is_weight_item": false, "is_available_in_all_stores": true, "is_batch_item": false}
{"id": 140600, "name": "FLYDENDE VASK", "underline": "700 ML. / BIO-TEX COLOR", "age_limit": null, "hazard_precaution_statements": [], "labels": [], "description": null, "info": "", "images": [{"small": "https://rema-product-images.digital.rema1000.dk/140600/1-small-xePwy8j1qw.webp", "medium": "https://rema-product-images.digital.rema1000.dk/140600/1-medium-xePwy8j1qw.webp", "large": "https://rema-product-images.digital.rema1000.dk/140600/1-large-xePwy8j1qw.webp"}], "prices": [{"price": 38.95, "price_over_max_quantity": null, "max_quantity": null, "is_advertised": false, "is_campaign": false, "starting_at": "2025-07-31T00:00:00+00:00", "ending_at": "2099-12-31T00:00:00+00:00", "deposit": null, "compare_unit": "ltr", "compare_unit_price": 55.64, "consumption_unit": "wash", "consumption_quantity": 14}], "temperature_zone": null, "is_self_scale_item": false, "is_weight_item": false, "is_available_in_all_stores": true, "is_batch_item": false}
{"id": 140615, "name": "VASKEMIDDEL", "underline": "1750 ML. / NEUTRAL COLOUR", "age_limit": null, "hazard_precaution_statements": ["Opbevares utilgængeligt for børn.", "VED KONTAKT MED ØJNENE: Skyl forsigtigt med vand i flere minutter. Fjern eventuelle kontaktlinser, hvis dette kan gøres let. Fortsæt skylning.", "Ved vedvarende øjenirritation: Søg lægehjælp.", "Forårsager alvorlig øjenirritation."], "labels": [{"id": 9001, "name": "Avisvare", "image": "https://static-assets.digital.rema1000.dk/product/labels/9001-64.webp"}, {"id": 42, "name": "Svanemærket", "image": "https://static-assets.digital.rema1000.dk/product/labels/42-64.webp"}, {"id": 87, "name": "Asthma Allergy Nordic", "image": "https://static-assets.digital.rema1000.dk/product/labels/87-64.webp"}], "description": null, "info": "", "images": [{"small": "https://rema-product-images.digital.rema1000.dk/140615/1-small-KpqRr23dqL.webp", "medium": "https://rema-product-images.digital.rema1000.dk/140615/1-medium-KpqRr23dqL.webp", "large": "https://rema-product-images.digital.rema1000.dk/140615/1-large-KpqRr23dqL.webp"}], "prices": [{"price": 65, "price_over_max_quantity": null, "max_quantity": null, "is_advertised": true, "is_campaign": false, "starting_at": "2025-08-17T00:00:00+00:00", "ending_at": "2025-09-24T00:00:00+00:00", "deposit": null, "compare_unit": "ltr", "compare_unit_price": 37.14, "consumption_unit": "wash", "consumption_quantity": 35}], "temperature_zone": null, "is_self_scale_item": false, "is_weight_item": false, "is_available_in_all_stores": true, "is_batch_item": true}
{"id": 140916, "name": "OLIETRÆSÆBE", "underline": "700 ML. / PROBAT", "age_limit": null, "hazard_precaution_statements": [], "labels": [], "description": null, "info": "", "images": [{"small": "https://rema-product-images.digital.rema1000.dk/140916/1-small-6xqAzEpE9D.webp", "medium": "https://rema-product-images.digital.rema1000.dk/140916/1-medium-6xqAzEpE9D.webp", "large": "https://rema-product-images.digital.rema1000.dk/140916/1-large-6xqAzEpE9D.webp"}], "prices": [{"price": 42.95, "price_over_max_quantity": null, "max_quantity": null, "is_advertised": false, "is_campaign": false, "starting_at": "2025-07-31T00:00:00+00:00", "ending_at": "2099-12-31T00:00:00+00:00", "deposit": null, "compare_unit": "ltr", "compare_unit_price": 61.36, "consumption_unit": null, "consumption_quantity": null}], "temperature_zone": null, "is_self_scale_item": false, "is_weight_item": false, "is_available_in_all_stores": true, "is_batch_item": false}
{"id": 141012, "name": "BRUN SÆBE", "underline": "1 LTR. / REMA 1000", "age_limit": null, "hazard_precaution_statements": [], "labels": [{"id": 2, "name": "REMA1000", "image": "https://static-assets.digital.rema1000.dk/product/labels/2-64.webp"}], "description": "Til rengøring og pleje af naturmaterialer som klinker, tegl, skifer, marmor, terrazzo og træ. Kan også bruges til vinyl.<br /> ", "info": "", "images": [{"small": "https://rema-product-images.digital.rema1000.dk/141012/1-small-18oXzn779k.webp", "medium": "https://rema-product-images.digital.rema1000.dk/141012/1-medium-18oXzn779k.webp", "large": "https://rema-product-images.digital.rema1000.dk/141012/1-large-18oXzn779k.webp"}], "prices": [{"price": 14.95, "price_over_max_quantity": null, "max_quantity": null, "is_advertised": false, "is_campaign": false, "starting_at": "2023-11-30T00:00:00+00:00", "ending_at": "2099-12-31T00:00:00+00:00", "deposit": null, "compare_unit": "ltr", "compare_unit_price": 14.95, "consumption_unit": null, "consumption_quantity": null}], "temperature_zone": null, "is_self_scale_item": false, "is_weight_item": false, "is_available_in_all_stores": true, "is_batch_item": false}
{"id": 141050, "name": "KRYSTALSÆBE", "underline": "500 GR.", "age_limit": null, "hazard_precaution_statements": ["Forårsager alvorlig øjenirritation.", "Forårsager hudirritation.", "Bær beskyttelseshandsker/beskyttelsestøj/øjenbeskyttelse/ansigtsbeskyttelse.", "Ved vedvarende øjenirritation: Søg lægehjælp.", "Hvis der er brug for lægehjælp, medbring da beholderen eller etiketten.", "Opbevares utilgængeligt for børn.", "VED KONTAKT MED HUDEN: Vask med rigeligt sæbe og vand.", "VED KONTAKT MED ØJNENE: Skyl forsigtigt med vand i flere minutter. Fjern eventuelle kontaktlinser, hvis dette kan gøres let. Fortsæt skylning."], "labels": [{"id": 42, "name": "Svanemærket", "image": "https://static-assets.digital.rema1000.dk/product/labels/42-64.webp"}, {"id": 87, "name": "Asthma Allergy Nordic", "image": "https://static-assets.digital.rema1000.dk/product/labels/87-64.webp"}], "description": "Anvendes til rengøring af stengulve (tegl, skifer, granit, terazzo og klinker) samt gulve af vinyl og træ. Bør ikke anvendes til linoleum, ubehandlet egetræ, bøgetræ, malede og lakerede overflader. Krystalsæbe er særligt velegnet til rengøring af fastbrændte madrester på ildfaste fade og ovnplader. Krystalsæben påføres koncentreret på emnet, som pakkes ind i en plasticpose, eller klar folie til dagen efter. Vask efter med rent vand. Ved meget kraftige belægninger gentages behandlingen. Til rengøring af ovn (ikke selvrensende ovn): Smør koncentreret krystalsæbe på i et tyndt lag. Varm ovnen op til 100° og lad sæben virke cirka 1/2 time. Sørg for god udluftning imens. Vask efter med rent vand.", "info": "", "images": [{"small": "https://rema-product-images.digital.rema1000.dk/141050/1-small-vVorywZkP3.webp", "medium": "https://rema-product-images.digital.rema1000.dk/141050/1-medium-vVorywZkP3.webp", "large": "https://rema-product-images.digital.rema1000.dk/141050/1-large-vVorywZkP3.webp"}], "prices": [{"price": 18.95, "price_over_max_quantity": null, "max_quantity": null, "is_advertised": false, "is_campaign": false, "starting_at": "2022-09-15T00:00:00+00:00", "ending_at": "2099-12-31T00:00:00+00:00", "deposit": null, "compare_unit": "kg", "compare_unit_price": 37.9, "consumption_unit": null, "consumption_quantity": null}], "temperature_zone": null, "is_self_scale_item": false, "is_weight_item": false, "is_available_in_all_stores": true, "is_batch_item": false}
{"id": 141080, "name": "SÆBESPÅNER", "underline": "500 GR. / RESPEKT", "age_limit": null, "hazard_precaution_statements": ["Hvis der er brug for lægehjælp, medbring da beholderen eller etiketten.", "Opbevares utilgængeligt for børn.", "Indholdet/beholderen bortskaffes i overensstemmelse med lokale forskrifter."], "labels": [{"id": 42, "name": "Svanemærket", "image": "https://static-assets.digital.rema1000.dk/product/labels/42-64.webp"}, {"id": 87, "name": "Asthma Allergy Nordic", "image": "https://static-assets.digital.rema1000.dk/product/labels/87-64.webp"}], "description": "Anvendes til skånsom og daglig rengøring af bl.a. trægulve og møbler. Vask af tekstiler i hånden f.eks.: Uld hør/lærred, skjorter, undertøj, sengelinned, dækketøj, tøj til spædbørn og tøj til allergikere. Det anbefales at teste et mindre område inden anvendelse, for at sikre at materialet er egnet til behandling af sæbespånerne.", "info": "", "images": [{"small": "https://rema-product-images.digital.rema1000.dk/141080/1-small-7doL52D1q6.webp", "medium": "https://rema-product-images.digital.rema1000.dk/141080/1-medium-7doL52D1q6.webp", "large": "https://rema-product-images.digital.rema1000.dk/141080/1-large-7doL52D1q6.webp"}], "prices": [{"price": 23.95, "price_over_max_quantity": null, "max_quantity": null, "is_advertised": false, "is_campaign": false, "starting_at": "2025-07-03T00:00:00+00:00", "ending_at": "2099-12-31T00:00:00+00:00", "deposit": null, "compare_unit": "kg", "compare_unit_price": 47.9, "consumption_unit": null, "consumption_quantity": null}], "temperature_zone": null, "is_self_scale_item": false, "is_weight_item": false, "is_available_in_all_stores": true, "is_batch_item": false}
{"id": 141768, "name": "WC-BLOKKE", "underline": "2 STK. / REMA 1000 OCEAN", "age_limit": null, "hazard_precaution_statements": ["Forårsager hudirritation.", "Forårsager alvorlig øjenskade.", "Hvis der er brug for lægehjælp, medbring da beholderen eller etiketten.", "Opbevares utilgængeligt for børn.", "VED KONTAKT MED HUDEN: Vask med rigeligt sæbe og vand.", "VED KONTAKT MED ØJNENE: Skyl forsigtigt med vand i flere minutter. Fjern eventuelle kontaktlinser, hvis dette kan gøres let. Fortsæt skylning.", "Ved hudirritation: Søg lægehjælp."], "labels": [{"id": 2, "name": "REMA1000", "image": "https://static-assets.digital.rema1000.dk/product/labels/2-64.webp"}], "description": "Toiletblokke Ocean til ophæng i toilettet, giver en frisk duft og formindsker dannelse af kalk. ", "info": "", "images": [{"small": "https://rema-product-images.digital.rema1000.dk/141768/1-small-vXodjO6m93.webp", "medium": "https://rema-product-images.digital.rema1000.dk/141768/1-medium-vXodjO6m93.webp", "large": "https://rema-product-images.digital.rema1000.dk/141768/1-large-vXodjO6m93.webp"}], "prices": [{"price": 15.95, "price_over_max_quantity": null, "max_quantity": null, "is_advertised": false, "is_campaign": false, "starting_at": "2024-02-26T00:00:00+00:00", "ending_at": "2099-12-31T00:00:00+00:00", "deposit": null, "compare_unit": "stk", "compare_unit_price": 7.98, "consumption_unit": null, "consumption_quantity": null}], "temperature_zone": null, "is_self_scale_item": false, "is_weight_item": false, "is_available_in_all_stores": true, "is_batch_item": false}
{"id": 142102, "name": "STÅLULDSSVAMPE", "underline": "10 STK. / RENS-LET", "age_limit": null, "hazard_precaution_statements": ["Indeholder methylisothiazolinone og benzisothiazolinone. Kan udløse allergisk reaktion"], "labels": [], "description": "Skal opbevares tørt. Indeholder 10 stk. ståluld. Fugt svampen og klem lidt sæbeskum frem. Er du usikker på materiale hvorpå du bruger svampen, prøv da først et mindre område og lad det tørre før du fortsætter. Bør ikke anvendes på bløde materialer. ", "info": "", "images": [{"small": "https://rema-product-images.digital.rema1000.dk/142102/1-small-kAonl7R09x.webp", "medium": "https://rema-product-images.digital.rema1000.dk/142102/1-medium-kAonl7R09x.webp", "large": "https://rema-product-images.digital.rema1000.dk/142102/1-large-kAonl7R09x.webp"}], "prices": [{"price": 10, "price_over_max_quantity": null, "max_quantity": null, "is_advertised": false, "is_campaign": false, "starting_at": "2024-10-24T00:00:00+00:00", "ending_at": "2099-12-31T00:00:00+00:00", "deposit": null, "compare_unit": "stk", "compare_unit_price": 1, "consumption_unit": null, "consumption_quantity": null}], "temperature_zone": null, "is_self_scale_item": false, "is_weight_item": false, "is_available_in_all_stores": true, "is_batch_item": false}
{"id": 142110, "name": "GULVSÆBE", "underline": "1 LTR. / REMA 1000 PARFUMEFRI", "age_limit": null, "hazard_precaution_statements": [], "labels": [{"id": 2, "name": "REMA1000", "image": "https://static-assets.digital.rema1000.dk/product/labels/2-64.webp"}, {"id": 42, "name": "Svanemærket", "image": "https://static-assets.digital.rema1000.dk/product/labels/42-64.webp"}, {"id": 87, "name": "Asthma Allergy Nordic", "image": "https://static-assets.digital.rema1000.dk/product/labels/87-64.webp"}], "description": null, "info": "", "images": [{"small": "https://rema-product-images.digital.rema1000.dk/142110/1-small-Al90WQxwq8.webp", "medium": "https://rema-product-images.digital.rema1000.dk/142110/1-medium-Al90WQxwq8.webp", "large": "https://rema-product-images.digital.rema1000.dk/142110/1-large-Al90WQxwq8.webp"}], "prices": [{"price": 19.95, "price_over_max_quantity": null, "max_quantity": null, "is_advertised": false, "is_campaign": false, "starting_at": "2024-08-28T00:00:00+00:00", "ending_at": "2099-12-31T00:00:00+00:00", "deposit": null, "compare_unit": "ltr", "compare_unit_price": 19.95, "consumption_unit": null, "consumption_quantity": null}], "temperature_zone": null, "is_self_scale_item": false, "is_weight_item": false, "is_available_in_all_stores": true, "is_batch_item": false}
{"id": 142475, "name": "OVN- OG GRILLRENS", "underline": "300 ML. / STERLING SPRAY", "age_limit": null, "hazard_precaution_statements": ["Yderst brandfarlig aerosol.", "Beholder under tryk. Kan sprænges ved opvarmning.", "Forårsager hudirritation.", "Forårsager alvorlig øjenskade.", "Kan forårsage irritation af luftvejene.", "Hvis der er brug for lægehjælp, medbring da beholderen eller etiketten.", "Opbevares utilgængeligt for børn.", "Holdes væk fra varme, varme overflader, gnister, åben ild og andre antændelseskilder. Rygning forbudt.", "Spray ikke mod åben ild eller andre antændelseskilder.", "Må ikke punkteres eller brændes, heller ikke efter brug.", "Undgå indånding af spray.", "VED KONTAKT MED HUDEN:", "Vask med rigeligt vand og sæbe.", "VED KONTAKT MED ØJNENE: Skyl forsigtigt med vand i flere minutter. Fjern eventuelle kontaktlinser, hvis dette kan gøres let. Fortsæt skylning.", "Beskyttes mod sollys. Må ikke udsættes for en temperatur, som overstiger 50 °C/122 °F.", "Indholdet/beholderen bortskaffes i overensstemmelse med lokale regler.", "Farlig ved indtagelse.", "Farlig ved hudkontakt.", "Farlig ved indånding.", "Forårsager svære ætsninger af huden og øjenskader.", "Yderst brandfarlig gas.", "Indeholder gas under tryk, kan eksplodere ved opvarmning.", "Ring omgående til en GIFTINFORMATION eller en læge."], "labels": [], "description": null, "info": "", "images": [{"small": "https://rema-product-images.digital.rema1000.dk/142475/1-small-01q23LG897.webp", "medium": "https://rema-product-images.digital.rema1000.dk/142475/1-medium-01q23LG897.webp", "large": "https://rema-product-images.digital.rema1000.dk/142475/1-large-01q23LG897.webp"}], "prices": [{"price": 18.95, "price_over_max_quantity": null, "max_quantity": null, "is_advertised": false, "is_campaign": false, "starting_at": "2024-09-05T00:00:00+00:00", "ending_at": "2099-12-31T00:00:00+00:00", "deposit": null, "compare_unit": "ltr", "compare_unit_price": 63.17, "consumption_unit": null, "consumption_quantity": null}], "temperature_zone": null, "is_self_scale_item": false, "is_weight_item": false, "is_available_in_all_stores": true, "is_batch_item": false}
{"id": 142551, "name": "STORVASK PULVER", "underline": "1.26 KG. / NEUTRAL", "age_limit": null, "hazard_precaution_statements": ["Forårsager alvorlig øjenirritation.", "Opbevares utilgængeligt for børn.", "VED KONTAKT MED ØJNENE: Skyl forsigtigt med vand i flere minutter. Fjern eventuelle kontaktlinser, hvis dette kan gøres let. Fortsæt skylning.", "Ved vedvarende øjenirritation: Søg lægehjælp."], "labels": [{"id": 87, "name": "Asthma Allergy Nordic", "image": "https://static-assets.digital.rema1000.dk/product/labels/87-64.webp"}], "description": null, "info": "", "images": [{"small": "https://rema-product-images.digital.rema1000.dk/142551/1-small-v09gyBe0oA.webp", "medium": "https://rema-product-images.digital.rema1000.dk/142551/1-medium-v09gyBe0oA.webp", "large": "https://rema-product-images.digital.rema1000.dk/142551/1-large-v09gyBe0oA.webp"}], "prices": [{"price": 47.95, "price_over_max_quantity": null, "max_quantity": null, "is_advertised": false, "is_campaign": false, "starting_at": "2025-07-31T00:00:00+00:00", "ending_at": "2099-12-31T00:00:00+00:00", "deposit": null, "compare_unit": "kg", "compare_unit_price": 38.06, "consumption_unit": "wash", "consumption_quantity": 18}], "temperature_zone": null, "is_self_scale_item": false, "is_weight_item": false, "is_available_in_all_stores": true, "is_batch_item": false}
{"id": 144178, "name": "DUN-LET SKYLLEMIDDEL", "underline": "1 LTR. / ULTRA SOFTNESS & CARE", "age_limit": null, "hazard_precaution_statements": [], "labels": [], "description": null, "info": "", "images": [{"small": "https://rema-product-images.digital.rema1000.dk/144178/1-small-yLqGa7DZPd.webp", "medium": "https://rema-product-images.digital.rema1000.dk/144178/1-medium-yLqGa7DZPd.webp", "large": "https://rema-product-images.digital.rema1000.dk/144178/1-large-yLqGa7DZPd.webp"}], "prices": [{"price": 25.95, "price_over_max_quantity": null, "max_quantity": null, "is_advertised": false, "is_campaign": false, "starting_at": "2024-03-07T00:00:00+00:00", "ending_at": "2025-09-06T00:00:00+00:00", "deposit": null, "compare_unit": "ltr", "compare_unit_price": 25.95, "consumption_unit": "wash", "consumption_quantity": 37}], "temperature_zone": null, "is_self_scale_item": false, "is_weight_item": false, "is_available_in_all_stores": true, "is_batch_item": false}
{"id": 144285, "name": "TEKSTILPLEJE", "underline": "750 ML. / REMA 1000 SKYLLEMIDDEL", "age_limit": null, "hazard_precaution_statements": ["Sikkerhedsdatablad kan på anmodning rekvireres."], "labels": [{"id": 2, "name": "REMA1000", "image": "https://static-assets.digital.rema1000.dk/product/labels/2-64.webp"}], "description": null, "info": "", "images": [{"small": "https://rema-product-images.digital.rema1000.dk/144285/1-small-we9EOry6og.webp", "medium": "https://rema-product-images.digital.rema1000.dk/144285/1-medium-we9EOry6og.webp", "large": "https://rema-product-images.digital.rema1000.dk/144285/1-large-we9EOry6og.webp"}], "prices": [{"price": 12.95, "price_over_max_quantity": null, "max_quantity": null, "is_advertised": false, "is_campaign": false, "starting_at": "2023-04-06T00:00:00+00:00", "ending_at": "2099-12-31T00:00:00+00:00", "deposit": null, "compare_unit": "ltr", "compare_unit_price": 17.27, "consumption_unit": "wash", "consumption_quantity": 37}], "temperature_zone": null, "is_self_scale_item": false, "is_weight_item": false, "is_available_in_all_stores": true, "is_batch_item": false}
{"id": 145070, "name": "PLETFJERNER SPRAY", "underline": "750 ML. / REMA 1000 PARFUMEFRI", "age_limit": null, "hazard_precaution_statements": ["Forårsager alvorlig øjenirritation.", "Hvis der er brug for lægehjælp, medbring da beholderen eller etiketten.", "Opbevares utilgængeligt for børn.", "VED KONTAKT MED ØJNENE: Skyl forsigtigt med vand i flere minutter. Fjern eventuelle kontaktlinser, hvis dette kan gøres let. Fortsæt skylning.", "Ved vedvarende øjenirritation: Søg lægehjælp."], "labels": [{"id": 2, "name": "REMA1000", "image": "https://static-assets.digital.rema1000.dk/product/labels/2-64.webp"}, {"id": 42, "name": "Svanemærket", "image": "https://static-assets.digital.rema1000.dk/product/labels/42-64.webp"}, {"id": 87, "name": "Asthma Allergy Nordic", "image": "https://static-assets.digital.rema1000.dk/product/labels/87-64.webp"}], "description": "Effektiv til fjernelse af pletter ", "info": "", "images": [{"small": "https://rema-product-images.digital.rema1000.dk/145070/1-small-kOq3b4p3o6.webp", "medium": "https://rema-product-images.digital.rema1000.dk/145070/1-medium-kOq3b4p3o6.webp", "large": "https://rema-product-images.digital.rema1000.dk/145070/1-large-kOq3b4p3o6.webp"}], "prices": [{"price": 20.95, "price_over_max_quantity": null, "max_quantity": null, "is_advertised": false, "is_campaign": false, "starting_at": "2022-04-28T00:00:00+00:00", "ending_at": "2099-12-31T00:00:00+00:00", "deposit": null, "compare_unit": "ltr", "compare_unit_price": 27.93, "consumption_unit": null, "consumption_quantity": null}], "temperature_zone": null, "is_self_scale_item": false, "is_weight_item": false, "is_available_in_all_stores": true, "is_batch_item": false}
{"id": 145130, "name": "VANISH GOLD POWDER", "underline": "470 GR. / PLETFJERNER, PINK, OXI ACTION", "age_limit": null, "hazard_precaution_statements": ["Kan forstærke brand, brandnærende.", "Farlig ved indtagelse.", "Forårsager alvorlig øjenskade.", "Forårsager alvorlig øjenirritation.", "Meget giftig for vandlevende organismer.", "Skadelig for vandlevende organismer, med langvarige virkninger.", "Opbevares utilgængeligt for børn.", "Vask hænderne grundigt efter brug.", "Opbevares kun i originalemballagen.", "VED KONTAKT MED ØJNENE: Skyl forsigtigt med vand i flere minutter. Fjern eventuelle kontaktlinser, hvis dette kan gøres let. Fortsæt skylning.", "Ring omgående til en GIFTINFORMATION eller en læge.", "I TILFÆLDE AF INDTAGELSE:", "Kontakt GIFTLINJEN eller en læge i tilfælde af ubehag."], "labels": [], "description": "Vanish introducerer sin Multi Power formel. Den virker på flere måder og fjerner pletter selv i kold vask (30 °C),bevarer farver og fjerner dårlig lugt. En alsidig vaskebooster: Kom en dosis i skuffen til vaskemiddel, sæt i blød eller forbehandl for at fjerne pletter. Specielt formuleret til at bevare farver.", "info": "", "images": [{"small": "https://rema-product-images.digital.rema1000.dk/145130/1-small-869D78bMqM.webp", "medium": "https://rema-product-images.digital.rema1000.dk/145130/1-medium-869D78bMqM.webp", "large": "https://rema-product-images.digital.rema1000.dk/145130/1-large-869D78bMqM.webp"}], "prices": [{"price": 45.95, "price_over_max_quantity": null, "max_quantity": null, "is_advertised": false, "is_campaign": false, "starting_at": "2024-08-01T00:00:00+00:00", "ending_at": "2099-12-31T00:00:00+00:00", "deposit": null, "compare_unit": "kg", "compare_unit_price": 97.77, "consumption_unit": null, "consumption_quantity": null}], "temperature_zone": null, "is_self_scale_item": false, "is_weight_item": false, "is_available_in_all_stores": true, "is_batch_item": false}
{"id": 145708, "name": "OPVASK", "underline": "500 ML. / REMA 1000 CITRON", "age_limit": null, "hazard_precaution_statements": ["Sikkerhedsdatablad kan på anmodning rekvireres."], "labels": [{"id": 2, "name": "REMA1000", "image": "https://static-assets.digital.rema1000.dk/product/labels/2-64.webp"}], "description": "Håndopvask af service og bestik mm. Kan også bruges til rengøring af hårde overflader såsom gulve, vægge, inventar, glaspartier og malede overflader.<br />  ", "info": "", "images": [{"small": "https://rema-product-images.digital.rema1000.dk/145708/1-small-NpP7ka45PO.webp", "medium": "https://rema-product-images.digital.rema1000.dk/145708/1-medium-NpP7ka45PO.webp", "large": "https://rema-product-images.digital.rema1000.dk/145708/1-large-NpP7ka45PO.webp"}], "prices": [{"price": 4.4, "price_over_max_quantity": null, "max_quantity": null, "is_advertised": false, "is_campaign": false, "starting_at": "2023-11-23T00:00:00+00:00", "ending_at": "2099-12-31T00:00:00+00:00", "deposit": null, "compare_unit": "ltr", "compare_unit_price": 8.8, "consumption_unit": null, "consumption_quantity": null}], "temperature_zone": null, "is_self_scale_item": false, "is_weight_item": false, "is_available_in_all_stores": true, "is_batch_item": false}
{"id": 145713, "name": "OPVASK REFILL", "underline": "1 LTR. / REMA 1000 PARFUMEFRI", "age_limit": null, "hazard_precaution_statements": ["Forårsager alvorlig øjenirritation.", "Hvis der er brug for lægehjælp, medbring da beholderen eller etiketten.", "Opbevares utilgængeligt for børn.", "VED KONTAKT MED ØJNENE: Skyl forsigtigt med vand i flere minutter. Fjern eventuelle kontaktlinser, hvis dette kan gøres let. Fortsæt skylning.", "Ved vedvarende øjenirritation: Søg lægehjælp."], "labels": [{"id": 2, "name": "REMA1000", "image": "https://static-assets.digital.rema1000.dk/product/labels/2-64.webp"}, {"id": 42, "name": "Svanemærket", "image": "https://static-assets.digital.rema1000.dk/product/labels/42-64.webp"}, {"id": 87, "name": "Asthma Allergy Nordic", "image": "https://static-assets.digital.rema1000.dk/product/labels/87-64.webp"}], "description": null, "info": "", "images": [{"small": "https://rema-product-images.digital.rema1000.dk/145713/1-small-wyPbjKJ1PE.webp", "medium": "https://rema-product-images.digital.rema1000.dk/145713/1-medium-wyPbjKJ1PE.webp", "large": "https://rema-product-images.digital.rema1000.dk/145713/1-large-wyPbjKJ1PE.webp"}], "prices": [{"price": 19.95, "price_over_max_quantity": null, "max_quantity": null, "is_advertised": false, "is_campaign": false, "starting_at": "2024-09-02T00:00:00+00:00", "ending_at": "2099-12-31T00:00:00+00:00", "deposit": null, "compare_unit": "ltr", "compare_unit_price": 19.95, "consumption_unit": null, "consumption_quantity": null}], "temperature_zone": null, "is_self_scale_item": false, "is_weight_item": false, "is_available_in_all_stores": true, "is_batch_item": false}
{"id": 145755, "name": "OPVASKETABS", "underline": "21 STK. / NEOPHOS QUANTUM BAKING SODA", "age_limit": null, "hazard_precaution_statements": ["Forårsager alvorlig øjenirritation.", "Opbevares utilgængeligt for børn.", "Hvis der er brug for lægehjælp, medbring da beholderen eller etiketten.", "VED KONTAKT MED ØJNENE: Skyl forsigtigt med vand i flere minutter. Fjern eventuelle kontaktlinser, hvis dette kan gøres let. Fortsæt skylning.", "Ved vedvarende øjenirritation: Søg lægehjælp."], "labels": [], "description": "Neophos Quantum Essential for en grundig opvask med flot glans, første gang og hver gang. Dens grundige formel med 3 inddelinger er effektiv til nedbrydning af alle typer madrester– selv uden afskylning. ", "info": "", "images": [{"small": "https://rema-product-images.digital.rema1000.dk/145755/1-small-A5qVzkAMqa.webp", "medium": "https://rema-product-images.digital.rema1000.dk/145755/1-medium-A5qVzkAMqa.webp", "large": "https://rema-product-images.digital.rema1000.dk/145755/1-large-A5qVzkAMqa.webp"}], "prices": [{"price": 39.95, "price_over_max_quantity": null, "max_quantity": null, "is_advertised": false, "is_campaign": false, "starting_at": "2025-04-08T00:00:00+00:00", "ending_at": "2099-12-31T00:00:00+00:00", "deposit": null, "compare_unit": "stk", "compare_unit_price": 1.9, "consumption_unit": null, "consumption_quantity": null}], "temperature_zone": null, "is_self_scale_item": false, "is_weight_item": false, "is_available_in_all_stores": true, "is_batch_item": false}
{"id": 145792, "name": "STORVASK", "underline": "2.56 KG. / REMA 1000 PARFUMEFRI", "age_limit": null, "hazard_precaution_statements": ["Forårsager alvorlig øjenirritation.", "Hvis der er brug for lægehjælp, medbring da beholderen eller etiketten.", "Opbevares utilgængeligt for børn.", "VED KONTAKT MED ØJNENE: Skyl forsigtigt med vand i flere minutter. Fjern eventuelle kontaktlinser, hvis dette kan gøres let. Fortsæt skylning.", "Ved vedvarende øjenirritation: Søg lægehjælp.", "Vask hænderne grundigt efter brug."], "labels": [{"id": 2, "name": "REMA1000", "image": "https://static-assets.digital.rema1000.dk/product/labels/2-64.webp"}, {"id": 42, "name": "Svanemærket", "image": "https://static-assets.digital.rema1000.dk/product/labels/42-64.webp"}, {"id": 87, "name": "Asthma Allergy Nordic", "image": "https://static-assets.digital.rema1000.dk/product/labels/87-64.webp"}], "description": "Rækkeevne: Ca. 56 vaske ved middelhårdt vand (8-14 °dH), og 3-5 kg normalt snavset tøj", "info": "", "images": [{"small": "https://rema-product-images.digital.rema1000.dk/145792/1-small-OJq523O09p.webp", "medium": "https://rema-product-images.digital.rema1000.dk/145792/1-medium-OJq523O09p.webp", "large": "https://rema-product-images.digital.rema1000.dk/145792/1-large-OJq523O09p.webp"}], "prices": [{"price": 35.9, "price_over_max_quantity": null, "max_quantity": null, "is_advertised": false, "is_campaign": false, "starting_at": "2024-04-04T00:00:00+00:00", "ending_at": "2025-08-30T00:00:00+00:00", "deposit": null, "compare_unit": "kg", "compare_unit_price": 14.02, "consumption_unit": "wash", "consumption_quantity": 58}], "temperature_zone": null, "is_self_scale_item": false, "is_weight_item": false, "is_available_in_all_stores": true, "is_batch_item": false}
{"id": 145820, "name": "MASKINRENS", "underline": "250 ML. / REMA 1000 TIL OPVASKEMASKINE", "age_limit": null, "hazard_precaution_statements": ["Forårsager alvorlig øjenirritation.", "Hvis der er brug for lægehjælp, medbring da beholderen eller etiketten.", "Opbevares utilgængeligt for børn.", "Vask hænder grundigt efter brug.", "Bær beskyttelseshandsker/beskyttelsestøj/øjenbeskyttelse/ansigtsbeskyttelse.", "VED KONTAKT MED ØJNENE: Skyl forsigtigt med vand i flere minutter. Fjern eventuelle kontaktlinser, hvis dette kan gøres let. Fortsæt skylning.", "Ved vedvarende øjenirritation: Søg lægehjælp."], "labels": [{"id": 2, "name": "REMA1000", "image": "https://static-assets.digital.rema1000.dk/product/labels/2-64.webp"}], "description": "Du finder brugsanvisning og dosering bag på flasken. I nederste højre hjørne er der en lille sort pil, og hvis du løfter i den, så er der en brugsanvisningen under.", "info": "", "images": [{"small": "https://rema-product-images.digital.rema1000.dk/145820/1-small-AKqebXdQ9p.webp", "medium": "https://rema-product-images.digital.rema1000.dk/145820/1-medium-AKqebXdQ9p.webp", "large": "https://rema-product-images.digital.rema1000.dk/145820/1-large-AKqebXdQ9p.webp"}], "prices": [{"price": 8.95, "price_over_max_quantity": null, "max_quantity": null, "is_advertised": false, "is_campaign": false, "starting_at": "2024-04-04T00:00:00+00:00", "ending_at": "2099-12-31T00:00:00+00:00", "deposit": null, "compare_unit": "ltr", "compare_unit_price": 35.8, "consumption_unit": null, "consumption_quantity": null}], "temperature_zone": null, "is_self_scale_item": false, "is_weight_item": false, "is_available_in_all_stores": true, "is_batch_item": false}
{"id": 145842, "name": "AFSPÆNDINGSMIDDEL", "underline": "500 ML. / REMA 1000", "age_limit": null, "hazard_precaution_statements": ["Forårsager alvorlig øjenirritation.", "Hvis der er brug for lægehjælp, medbring da beholderen eller etiketten.", "Opbevares utilgængeligt for børn.", "Ved vedvarende øjenirritation: Søg lægehjælp.", "VED KONTAKT MED ØJNENE: Skyl forsigtigt med vand i flere minutter. Fjern eventuelle kontaktlinser, hvis dette kan gøres let. Fortsæt skylning."], "labels": [{"id": 2, "name": "REMA1000", "image": "https://static-assets.digital.rema1000.dk/product/labels/2-64.webp"}, {"id": 42, "name": "Svanemærket", "image": "https://static-assets.digital.rema1000.dk/product/labels/42-64.webp"}, {"id": 87, "name": "Asthma Allergy Nordic", "image": "https://static-assets.digital.rema1000.dk/product/labels/87-64.webp"}], "description": "Bruges til: Opvaskemaskiner. Modvirker pletter og efterlader servicet blankt.<br /> ", "info": "", "images": [{"small": "https://rema-product-images.digital.rema1000.dk/145842/1-small-A4Py0j7Y9L.webp", "medium": "https://rema-product-images.digital.rema1000.dk/145842/1-medium-A4Py0j7Y9L.webp", "large": "https://rema-product-images.digital.rema1000.dk/145842/1-large-A4Py0j7Y9L.webp"}], "prices": [{"price": 8.95, "price_over_max_quantity": null, "max_quantity": null, "is_advertised": false, "is_campaign": false, "starting_at": "2022-04-28T00:00:00+00:00", "ending_at": "2099-12-31T00:00:00+00:00", "deposit": null, "compare_unit": "ltr", "compare_unit_price": 17.9, "consumption_unit": null, "consumption_quantity": null}], "temperature_zone": null, "is_self_scale_item": false, "is_weight_item": false, "is_available_in_all_stores": true, "is_batch_item": false}
{"id": 145891, "name": "WC RENS", "underline": "1 LTR. / REMA 1000", "age_limit": null, "hazard_precaution_statements": [], "labels": [{"id": 2, "name": "REMA1000", "image": "https://static-assets.digital.rema1000.dk/product/labels/2-64.webp"}, {"id": 42, "name": "Svanemærket", "image": "https://static-assets.digital.rema1000.dk/product/labels/42-64.webp"}], "description": null, "info": "", "images": [{"small": "https://rema-product-images.digital.rema1000.dk/145891/1-small-3MoMVk4kq5.webp", "medium": "https://rema-product-images.digital.rema1000.dk/145891/1-medium-3MoMVk4kq5.webp", "large": "https://rema-product-images.digital.rema1000.dk/145891/1-large-3MoMVk4kq5.webp"}], "prices": [{"price": 9.95, "price_over_max_quantity": null, "max_quantity": null, "is_advertised": false, "is_campaign": false, "starting_at": "2022-12-01T00:00:00+00:00", "ending_at": "2099-12-31T00:00:00+00:00", "deposit": null, "compare_unit": "ltr", "compare_unit_price": 9.95, "consumption_unit": null, "consumption_quantity": null}], "temperature_zone": null, "is_self_scale_item": false, "is_weight_item": false, "is_available_in_all_stores": true, "is_batch_item": false}
{"id": 145903, "name": "OPVASKETABS MIKRO", "underline": "40 STK. / REMA 1000", "age_limit": null, "hazard_precaution_statements": ["Forårsager alvorlig øjenirritation.", "Hvis der er brug for lægehjælp, medbring da beholderen eller etiketten.", "Opbevares utilgængeligt for børn.", "VED KONTAKT MED ØJNENE: Skyl forsigtigt med vand i flere minutter. Fjern eventuelle kontaktlinser, hvis dette kan gøres let. Fortsæt skylning.", "Ved vedvarende øjenirritation: Søg lægehjælp.", "Indeholder subtilisin. Kan udløse allergisk reaktion", "Vask hænderne grundigt efter brug."], "labels": [{"id": 2, "name": "REMA1000", "image": "https://static-assets.digital.rema1000.dk/product/labels/2-64.webp"}, {"id": 42, "name": "Svanemærket", "image": "https://static-assets.digital.rema1000.dk/product/labels/42-64.webp"}], "description": null, "info": "", "images": [{"small": "https://rema-product-images.digital.rema1000.dk/145903/1-small-3MoMVk41q5.webp", "medium": "https://rema-product-images.digital.rema1000.dk/145903/1-medium-3MoMVk41q5.webp", "large": "https://rema-product-images.digital.rema1000.dk/145903/1-large-3MoMVk41q5.webp"}], "prices": [{"price": 24, "price_over_max_quantity": null, "max_quantity": null, "is_advertised": false, "is_campaign": false, "starting_at": "2024-04-04T00:00:00+00:00", "ending_at": "2099-12-31T00:00:00+00:00", "deposit": null, "compare_unit": "stk", "compare_unit_price": 0.6, "consumption_unit": null, "consumption_quantity": null}], "temperature_zone": null, "is_self_scale_item": false, "is_weight_item": false, "is_available_in_all_stores": true, "is_batch_item": false}
{"id": 145912, "name": "ULD & FINVASK", "underline": "1 LTR. / REMA 1000 PARFUMEFRI", "age_limit": null, "hazard_precaution_statements": ["Forårsager alvorlig øjenirritation.", "Hvis der er brug for lægehjælp, medbring da beholderen eller etiketten.", "Opbevares utilgængeligt for børn.", "Ved vedvarende øjenirritation: Søg lægehjælp.", "VED KONTAKT MED ØJNENE: Skyl forsigtigt med vand i flere minutter. Fjern eventuelle kontaktlinser, hvis dette kan gøres let. Fortsæt skylning.", "Vask hænder grundigt efter brug."], "labels": [{"id": 2, "name": "REMA1000", "image": "https://static-assets.digital.rema1000.dk/product/labels/2-64.webp"}, {"id": 42, "name": "Svanemærket", "image": "https://static-assets.digital.rema1000.dk/product/labels/42-64.webp"}, {"id": 87, "name": "Asthma Allergy Nordic", "image": "https://static-assets.digital.rema1000.dk/product/labels/87-64.webp"}], "description": "Du finder brugsanvisning og dosering bag på flasken, nederste venstre hjørne - for yderligere information åbnes her.", "info": "", "images": [{"small": "https://rema-product-images.digital.rema1000.dk/145912/1-small-18oXzkYJ9k.webp", "medium": "https://rema-product-images.digital.rema1000.dk/145912/1-medium-18oXzkYJ9k.webp", "large": "https://rema-product-images.digital.rema1000.dk/145912/1-large-18oXzkYJ9k.webp"}], "prices": [{"price": 24.95, "price_over_max_quantity": null, "max_quantity": null, "is_advertised": false, "is_campaign": false, "starting_at": "2022-11-10T00:00:00+00:00", "ending_at": "2025-08-30T00:00:00+00:00", "deposit": null, "compare_unit": "ltr", "compare_unit_price": 24.95, "consumption_unit": "wash", "consumption_quantity": 33}], "temperature_zone": null, "is_self_scale_item": false, "is_weight_item": false, "is_available_in_all_stores": true, "is_batch_item": false}
{"id": 146752, "name": "FINT FILTERSALT", "underline": "2 KG. / TIL OPVASKEMASKINER", "age_limit": null, "hazard_precaution_statements": [], "labels": [], "description": null, "info": "", "images": [{"small": "https://rema-product-images.digital.rema1000.dk/146752/1-small-NpP7kaW2PO.webp", "medium": "https://rema-product-images.digital.rema1000.dk/146752/1-medium-NpP7kaW2PO.webp", "large": "https://rema-product-images.digital.rema1000.dk/146752/1-large-NpP7kaW2PO.webp"}], "prices": [{"price": 9.95, "price_over_max_quantity": null, "max_quantity": null, "is_advertised": false, "is_campaign": false, "starting_at": "2025-01-31T00:00:00+00:00", "ending_at": "2099-12-31T00:00:00+00:00", "deposit": null, "compare_unit": "kg", "compare_unit_price": 4.98, "consumption_unit": null, "consumption_quantity": null}], "temperature_zone": null, "is_self_scale_item": false, "is_weight_item": false, "is_available_in_all_stores": true, "is_batch_item": false}
{"id": 146753, "name": "GROFT FILTERSALT", "underline": "1.8 KG. / TIL OPVASKEMASKINER", "age_limit": null, "hazard_precaution_statements": [], "labels": [], "description": null, "info": "", "images": [{"small": "https://rema-product-images.digital.rema1000.dk/146753/1-small-aboK8kpVqp.webp", "medium": "https://rema-product-images.digital.rema1000.dk/146753/1-medium-aboK8kpVqp.webp", "large": "https://rema-product-images.digital.rema1000.dk/146753/1-large-aboK8kpVqp.webp"}], "prices": [{"price": 9.85, "price_over_max_quantity": null, "max_quantity": null, "is_advertised": false, "is_campaign": false, "starting_at": "2025-02-03T00:00:00+00:00", "ending_at": "2099-12-31T00:00:00+00:00", "deposit": null, "compare_unit": "kg", "compare_unit_price": 5.47, "consumption_unit": null, "consumption_quantity": null}], "temperature_zone": null, "is_self_scale_item": false, "is_weight_item": false, "is_available_in_all_stores": true, "is_batch_item": false}
{"id": 147706, "name": "OPVASKEMIDDEL", "underline": "500 ML. / NEUTRAL", "age_limit": null, "hazard_precaution_statements": ["Forårsager alvorlig øjenirritation.", "Hvis der er brug for lægehjælp, medbring da beholderen eller etiketten.", "Opbevares utilgængeligt for børn.", "Læs etiketten før brug.", "Vask hænderne grundigt efter brug.", "VED KONTAKT MED ØJNENE: Skyl forsigtigt med vand i flere minutter. Fjern eventuelle kontaktlinser, hvis dette kan gøres let. Fortsæt skylning.", "Ved vedvarende øjenirritation: Søg lægehjælp."], "labels": [{"id": 42, "name": "Svanemærket", "image": "https://static-assets.digital.rema1000.dk/product/labels/42-64.webp"}, {"id": 87, "name": "Asthma Allergy Nordic", "image": "https://static-assets.digital.rema1000.dk/product/labels/87-64.webp"}], "description": "Neutral flydende opvaskemiddel Parfumefri 500 ml er et mildt håndopvaskemiddel særlig udviklet til følsom hud, der hurtigt og effektivt fjerner fedt og snavs fra dine glas og dit service, så din opvask bliver skinnende ren. Neutral opvaskemiddel udtørrer ikke hænderne og har en neutral pH-værdi, som gør den ikke kun er allergivenlig, men også skånsom for miljøet.", "info": "", "images": [{"small": "https://rema-product-images.digital.rema1000.dk/147706/1-small-vVory53pP3.webp", "medium": "https://rema-product-images.digital.rema1000.dk/147706/1-medium-vVory53pP3.webp", "large": "https://rema-product-images.digital.rema1000.dk/147706/1-large-vVory53pP3.webp"}], "prices": [{"price": 18.95, "price_over_max_quantity": null, "max_quantity": null, "is_advertised": false, "is_campaign": false, "starting_at": "2025-07-31T00:00:00+00:00", "ending_at": "2099-12-31T00:00:00+00:00", "deposit": null, "compare_unit": "ltr", "compare_unit_price": 37.9, "consumption_unit": null, "consumption_quantity": null}], "temperature_zone": null, "is_self_scale_item": false, "is_weight_item": false, "is_available_in_all_stores": true, "is_batch_item": false}
{"id": 147875, "name": "RENGØRINGSSERVIET", "underline": "32 STK. / REMA 1000 UNIVERSAL", "age_limit": null, "hazard_precaution_statements": [], "labels": [{"id": 2, "name": "REMA1000", "image": "https://static-assets.digital.rema1000.dk/product/labels/2-64.webp"}], "description": "190x280 mm", "info": "", "images": [{"small": "https://rema-product-images.digital.rema1000.dk/147875/1-small-01q23QKO97.webp", "medium": "https://rema-product-images.digital.rema1000.dk/147875/1-medium-01q23QKO97.webp", "large": "https://rema-product-images.digital.rema1000.dk/147875/1-large-01q23QKO97.webp"}], "prices": [{"price": 11.25, "price_over_max_quantity": null, "max_quantity": null, "is_advertised": false, "is_campaign": false, "starting_at": "2023-02-02T00:00:00+00:00", "ending_at": "2099-12-31T00:00:00+00:00", "deposit": null, "compare_unit": "stk", "compare_unit_price": 0.35, "consumption_unit": null, "consumption_quantity": null}], "temperature_zone": null, "is_self_scale_item": false, "is_weight_item": false, "is_available_in_all_stores": true, "is_batch_item": false}
{"id": 148838, "name": "DUFTBLOK", "underline": "1 STK. / COTTON FRESH", "age_limit": null, "hazard_precaution_statements": ["Indeholder 1,2 benzisothiazolin-3-on. Kan udløse allergisk reaktion", "Forårsager alvorlig øjenirritation.", "Hvis der er brug for lægehjælp, medbring da beholderen eller etiketten.", "Opbevares utilgængeligt for børn.", "VED KONTAKT MED ØJNENE: Skyl forsigtigt med vand i flere minutter. Fjern eventuelle kontaktlinser, hvis dette kan gøres let. Fortsæt skylning.", "Ved vedvarende øjenirritation: Søg lægehjælp."], "labels": [], "description": "Giver mild og behagelig duft ", "info": "", "images": [{"small": "https://rema-product-images.digital.rema1000.dk/148838/1-small-MBoNnwWRov.webp", "medium": "https://rema-product-images.digital.rema1000.dk/148838/1-medium-MBoNnwWRov.webp", "large": "https://rema-product-images.digital.rema1000.dk/148838/1-large-MBoNnwWRov.webp"}], "prices": [{"price": 7.95, "price_over_max_quantity": null, "max_quantity": null, "is_advertised": false, "is_campaign": false, "starting_at": "2024-02-15T00:00:00+00:00", "ending_at": "2099-12-31T00:00:00+00:00", "deposit": null, "compare_unit": "stk", "compare_unit_price": 7.95, "consumption_unit": null, "consumption_quantity": null}], "temperature_zone": null, "is_self_scale_item": false, "is_weight_item": false, "is_available_in_all_stores": true, "is_batch_item": false}
{"id": 150003, "name": "MIRAKELSVAMPE", "underline": "4 STK. / REMA 1000", "age_limit": null, "hazard_precaution_statements": [], "labels": [{"id": 2, "name": "REMA1000", "image": "https://static-assets.digital.rema1000.dk/product/labels/2-64.webp"}], "description": "Svampen har en slibende effekt og fjerner de fleste pletter uden brug af rengøringsmiddel.  Fjerner snavs og vanskelige pletter f.eks. mærker efter sko, tusch m.m. på hårde overflader.  Fugt svampen med vand før brug og brug med forsigtighed på det aktuelle område.  Anvendes uden rengøringsmiddel. Brug ikke svampen på sarte, lakerede og polerede overflader. Test først på et ikke synligt sted.", "info": "", "images": [{"small": "https://rema-product-images.digital.rema1000.dk/150003/1-small-3MoMVJGQq5.webp", "medium": "https://rema-product-images.digital.rema1000.dk/150003/1-medium-3MoMVJGQq5.webp", "large": "https://rema-product-images.digital.rema1000.dk/150003/1-large-3MoMVJGQq5.webp"}], "prices": [{"price": 10, "price_over_max_quantity": null, "max_quantity": null, "is_advertised": false, "is_campaign": false, "starting_at": "2018-07-05T00:00:00+00:00", "ending_at": "2099-12-31T00:00:00+00:00", "deposit": null, "compare_unit": "stk", "compare_unit_price": 2.5, "consumption_unit": null, "consumption_quantity": null}], "temperature_zone": null, "is_self_scale_item": false, "is_weight_item": false, "is_available_in_all_stores": true, "is_batch_item": false}
{"id": 150032, "name": "MICROFIBERKLUDE", "underline": "3 STK. / RECYCLED", "age_limit": null, "hazard_precaution_statements": [], "labels": [], "description": "Microfiberklude til rengøring af vaskbare overflader. Kludene er produceret af 100% genanvendte materialer.  Kludene rengører effektivt uden brug af rengøringsmiddel. Kan bruges både tør og fugtig. Bruges med forsigtighed på sarte overflader. Undgå brug af skylle- og blegmiddel.", "info": "", "images": [{"small": "https://rema-product-images.digital.rema1000.dk/150032/1-small-nDPWJw2g9W.webp", "medium": "https://rema-product-images.digital.rema1000.dk/150032/1-medium-nDPWJw2g9W.webp", "large": "https://rema-product-images.digital.rema1000.dk/150032/1-large-nDPWJw2g9W.webp"}], "prices": [{"price": 11.95, "price_over_max_quantity": null, "max_quantity": null, "is_advertised": false, "is_campaign": false, "starting_at": "2023-11-02T00:00:00+00:00", "ending_at": "2099-12-31T00:00:00+00:00", "deposit": null, "compare_unit": "stk", "compare_unit_price": 3.98, "consumption_unit": null, "consumption_quantity": null}], "temperature_zone": null, "is_self_scale_item": false, "is_weight_item": false, "is_available_in_all_stores": true, "is_batch_item": false}
{"id": 150036, "name": "VASKEMASKINETABS", "underline": "35 STK. / MINUS KALK", "age_limit": null, "hazard_precaution_statements": ["Forårsager alvorlig øjenirritation.", "Hvis der er brug for lægehjælp, medbring da beholderen eller etiketten.", "Opbevares utilgængeligt for børn.", "VED KONTAKT MED ØJNENE: Skyl forsigtigt med vand i flere minutter. Fjern eventuelle kontaktlinser, hvis dette kan gøres let. Fortsæt skylning.", "Ved vedvarende øjenirritation: Søg lægehjælp."], "labels": [], "description": null, "info": "", "images": [{"small": "https://rema-product-images.digital.rema1000.dk/150036/1-small-7doL5Jxdq6.webp", "medium": "https://rema-product-images.digital.rema1000.dk/150036/1-medium-7doL5Jxdq6.webp", "large": "https://rema-product-images.digital.rema1000.dk/150036/1-large-7doL5Jxdq6.webp"}], "prices": [{"price": 23.95, "price_over_max_quantity": null, "max_quantity": null, "is_advertised": false, "is_campaign": false, "starting_at": "2023-03-28T00:00:00+00:00", "ending_at": "2099-12-31T00:00:00+00:00", "deposit": null, "compare_unit": "stk", "compare_unit_price": 0.68, "consumption_unit": null, "consumption_quantity": null}], "temperature_zone": null, "is_self_scale_item": false, "is_weight_item": false, "is_available_in_all_stores": true, "is_batch_item": false}
{"id": 150053, "name": "CITRONSYRE", "underline": "500 GR. / STERLING", "age_limit": null, "hazard_precaution_statements": ["Forårsager alvorlig øjenirritation.", "Kan forårsage irritation af luftvejene.", "Hvis der er brug for lægehjælp, medbring da beholderen eller etiketten.", "Opbevares utilgængeligt for børn.", "Undgå indånding af pulver.", "VED KONTAKT MED ØJNENE: Skyl forsigtigt med vand i flere minutter. Fjern eventuelle kontaktlinser, hvis dette kan gøres let. Fortsæt skylning.", "Ved vedvarende øjenirritation: Søg lægehjælp.", "Indholdet/beholderen bortskaffes i relevant affaldsbeholder så den kan genbruges."], "labels": [], "description": "Sterling citronsyre kan bruges til effektiv afkalkning af kaffemaskiner, elkedler og opvaskemaskiner. Citronsyren kan desuden bruges til pletfjerning.Citronsyre kan også bruges til mange andre formål, dog ikke madlavning.", "info": "", "images": [{"small": "https://rema-product-images.digital.rema1000.dk/150053/1-small-aboK8JbVqp.webp", "medium": "https://rema-product-images.digital.rema1000.dk/150053/1-medium-aboK8JbVqp.webp", "large": "https://rema-product-images.digital.rema1000.dk/150053/1-large-aboK8JbVqp.webp"}], "prices": [{"price": 28.95, "price_over_max_quantity": null, "max_quantity": null, "is_advertised": false, "is_campaign": false, "starting_at": "2024-11-05T00:00:00+00:00", "ending_at": "2099-12-31T00:00:00+00:00", "deposit": null, "compare_unit": "kg", "compare_unit_price": 57.9, "consumption_unit": null, "consumption_quantity": null}], "temperature_zone": null, "is_self_scale_item": false, "is_weight_item": false, "is_available_in_all_stores": true, "is_batch_item": false}
{"id": 150088, "name": "GULVKLUDE", "underline": "2 STK. / REMA 1000 NON WOVEN", "age_limit": null, "hazard_precaution_statements": [], "labels": [{"id": 2, "name": "REMA1000", "image": "https://static-assets.digital.rema1000.dk/product/labels/2-64.webp"}], "description": "Gulvkludene har en høj sugeevne og kan anvendes på alle typer gulve. 2 stk.<br />    ", "info": "", "images": [{"small": "https://rema-product-images.digital.rema1000.dk/150088/1-small-xePwyW4xqw.webp", "medium": "https://rema-product-images.digital.rema1000.dk/150088/1-medium-xePwyW4xqw.webp", "large": "https://rema-product-images.digital.rema1000.dk/150088/1-large-xePwyW4xqw.webp"}], "prices": [{"price": 14.95, "price_over_max_quantity": null, "max_quantity": null, "is_advertised": false, "is_campaign": false, "starting_at": "2021-06-10T00:00:00+00:00", "ending_at": "2099-12-31T00:00:00+00:00", "deposit": null, "compare_unit": "stk", "compare_unit_price": 7.48, "consumption_unit": null, "consumption_quantity": null}], "temperature_zone": null, "is_self_scale_item": false, "is_weight_item": false, "is_available_in_all_stores": true, "is_batch_item": false}
{"id": 150096, "name": "MICROFIBER KLUD", "underline": "1 STK. / VINDUES- OG SPEJL", "age_limit": null, "hazard_precaution_statements": [], "labels": [], "description": null, "info": "", "images": [{"small": "https://rema-product-images.digital.rema1000.dk/150096/1-small-NpP7kJy2PO.webp", "medium": "https://rema-product-images.digital.rema1000.dk/150096/1-medium-NpP7kJy2PO.webp", "large": "https://rema-product-images.digital.rema1000.dk/150096/1-large-NpP7kJy2PO.webp"}], "prices": [{"price": 8.95, "price_over_max_quantity": null, "max_quantity": null, "is_advertised": false, "is_campaign": false, "starting_at": "2023-06-08T00:00:00+00:00", "ending_at": "2099-12-31T00:00:00+00:00", "deposit": null, "compare_unit": "stk", "compare_unit_price": 8.95, "consumption_unit": null, "consumption_quantity": null}], "temperature_zone": null, "is_self_scale_item": false, "is_weight_item": false, "is_available_in_all_stores": true, "is_batch_item": false}
{"id": 150100, "name": "STERLING BRILLERENS", "underline": "100 ML. / SPRAY", "age_limit": null, "hazard_precaution_statements": ["Brandfarlig væske og damp.", "Forårsager alvorlig øjenirritation.", "Kan forårsage sløvhed eller svimmelhed.", "Hvis der er brug for lægehjælp, medbring da beholderen eller etiketten.", "Opbevares utilgængeligt for børn.", "Holdes væk fra varme, varme overflader, gnister, åben ild og andre antændelseskilder. Rygning forbudt.", "Indholdet/beholderen bortskaffes i overensstemmelse med lokale regler.", "Meget brandfarlig væske og damp."], "labels": [], "description": null, "info": "", "images": [{"small": "https://rema-product-images.digital.rema1000.dk/150100/1-small-xePwyW4vqw.webp", "medium": "https://rema-product-images.digital.rema1000.dk/150100/1-medium-xePwyW4vqw.webp", "large": "https://rema-product-images.digital.rema1000.dk/150100/1-large-xePwyW4vqw.webp"}], "prices": [{"price": 20, "price_over_max_quantity": null, "max_quantity": null, "is_advertised": false, "is_campaign": false, "starting_at": "2016-02-04T00:00:00+00:00", "ending_at": "2099-12-31T00:00:00+00:00", "deposit": null, "compare_unit": "ltr", "compare_unit_price": 200, "consumption_unit": null, "consumption_quantity": null}], "temperature_zone": null, "is_self_scale_item": false, "is_weight_item": false, "is_available_in_all_stores": false, "is_batch_item": false}
{"id": 150102, "name": "BRILLE- & SKÆRMKLUDE", "underline": "2 STK.", "age_limit": null, "hazard_precaution_statements": [], "labels": [], "description": "20x20 cm og 40x40 cm", "info": "", "images": [{"small": "https://rema-product-images.digital.rema1000.dk/150102/1-small-kAonlZKj9x.webp", "medium": "https://rema-product-images.digital.rema1000.dk/150102/1-medium-kAonlZKj9x.webp", "large": "https://rema-product-images.digital.rema1000.dk/150102/1-large-kAonlZKj9x.webp"}], "prices": [{"price": 20, "price_over_max_quantity": null, "max_quantity": null, "is_advertised": false, "is_campaign": false, "starting_at": "2022-12-07T00:00:00+00:00", "ending_at": "2099-12-31T00:00:00+00:00", "deposit": null, "compare_unit": "stk", "compare_unit_price": 10, "consumption_unit": null, "consumption_quantity": null}], "temperature_zone": null, "is_self_scale_item": false, "is_weight_item": false, "is_available_in_all_stores": true, "is_batch_item": false}
{"id": 150103, "name": "BRILLERENS", "underline": "50 STK. / STERLING RENSESERVIETTER", "age_limit": null, "hazard_precaution_statements": ["Farlig ved indtagelse.", "Forårsager hudirritation.", "Kan forårsage allergisk hudreaktion.", "Forårsager alvorlig øjenskade.", "Meget giftig for vandlevende organismer.", "Indeholder 1,2-benzisothiazol-3(2H)-on. Kan udløse allergisk reaktion"], "labels": [], "description": null, "info": "", "images": [{"small": "https://rema-product-images.digital.rema1000.dk/150103/1-small-3MoMVJy3q5.webp", "medium": "https://rema-product-images.digital.rema1000.dk/150103/1-medium-3MoMVJy3q5.webp", "large": "https://rema-product-images.digital.rema1000.dk/150103/1-large-3MoMVJy3q5.webp"}], "prices": [{"price": 15.95, "price_over_max_quantity": null, "max_quantity": null, "is_advertised": false, "is_campaign": false, "starting_at": "2024-09-05T00:00:00+00:00", "ending_at": "2099-12-31T00:00:00+00:00", "deposit": null, "compare_unit": "stk", "compare_unit_price": 0.32, "consumption_unit": null, "consumption_quantity": null}], "temperature_zone": null, "is_self_scale_item": false, "is_weight_item": false, "is_available_in_all_stores": true, "is_batch_item": false}
{"id": 150118, "name": "RODALON", "underline": "1 LTR. / INDENDØRS", "age_limit": null, "hazard_precaution_statements": ["Skadelig for vandlevende organismer, med langvarige virkninger.", "Undgå udledning til miljøet.", "Udslip opsamles.", "Indholdet/beholderen bortskaffes i overensstemmelse med lokale regler."], "labels": [], "description": "Rodalon skal fortyndes med vand inden brug. 1 dl Rodalon til 1 liter vand. Rodalon Indendørs v.2 er testet henhold til ISO standard: EN 13697 Opbevares utilgængeligt for børn. Undgå kontakt med øjnene. Skyl øjnene grundigt med vand, hvis produktet  kommer i øjnene. Skal opbevares i original emballage og må ikke udsættes for sollys og varme. Anvend altid handsker ved direkte kontakt med desinfektionsvæske. ", "info": "", "images": [{"small": "https://rema-product-images.digital.rema1000.dk/150118/1-small-2B9432e5qk.webp", "medium": "https://rema-product-images.digital.rema1000.dk/150118/1-medium-2B9432e5qk.webp", "large": "https://rema-product-images.digital.rema1000.dk/150118/1-large-2B9432e5qk.webp"}], "prices": [{"price": 50.95, "price_over_max_quantity": null, "max_quantity": null, "is_advertised": false, "is_campaign": false, "starting_at": "2023-02-02T00:00:00+00:00", "ending_at": "2099-12-31T00:00:00+00:00", "deposit": null, "compare_unit": "ltr", "compare_unit_price": 50.95, "consumption_unit": null, "consumption_quantity": null}], "temperature_zone": null, "is_self_scale_item": false, "is_weight_item": false, "is_available_in_all_stores": true, "is_batch_item": false}
{"id": 150124, "name": "SODA", "underline": "500 GR. / STERLING", "age_limit": null, "hazard_precaution_statements": ["Forårsager alvorlig øjenirritation.", "Hvis der er brug for lægehjælp, medbring da beholderen eller etiketten.", "Opbevares utilgængeligt for børn.", "Bær beskyttelseshandsker/beskyttelsestøj/øjenbeskyttelse/ansigtsbeskyttelse.", "VED KONTAKT MED ØJNENE: Skyl forsigtigt med vand i flere minutter. Fjern eventuelle kontaktlinser, hvis dette kan gøres let. Fortsæt skylning.", "Ved vedvarende øjenirritation: Søg lægehjælp.", "Indholdet/beholderen bortskaffes i relevant affaldsbeholder til plast, så den kan genanvendes."], "labels": [], "description": "Sterling Soda er et rengøringsmiddel med utallige anvendelsesmuligheder. Soda kan blandt andet bruges til blødgøring af hårdt vand samt til rengøring af f.eks. fliser, køleskab, toilet og håndvask. Soda kan desuden bruges til opvask, kogevask, rensning af afløb m.m. Soda kan også bruges til rengøring af vinkarafler af krystal, plastik og glas, og kan fjerne belægninger i elkedler og termokander, og bliver desuden ofte brugt i forbindelse med rengøring af flasker og udstyr til ølbrygning. Glas der er blevet matte og misfarvede bliver blanke igen ved at vaske dem i en soda blanding.", "info": "", "images": [{"small": "https://rema-product-images.digital.rema1000.dk/150124/1-small-vXodjbE793.webp", "medium": "https://rema-product-images.digital.rema1000.dk/150124/1-medium-vXodjbE793.webp", "large": "https://rema-product-images.digital.rema1000.dk/150124/1-large-vXodjbE793.webp"}], "prices": [{"price": 16.95, "price_over_max_quantity": null, "max_quantity": null, "is_advertised": false, "is_campaign": false, "starting_at": "2024-11-05T00:00:00+00:00", "ending_at": "2099-12-31T00:00:00+00:00", "deposit": null, "compare_unit": "kg", "compare_unit_price": 33.9, "consumption_unit": null, "consumption_quantity": null}], "temperature_zone": null, "is_self_scale_item": false, "is_weight_item": false, "is_available_in_all_stores": true, "is_batch_item": false}
{"id": 150152, "name": "RENSEBENZIN", "underline": "500 ML. / BORUP", "age_limit": null, "hazard_precaution_statements": ["Meget brandfarlig væske og damp.", "Kan være livsfarligt, hvis det indtages og kommer i luftvejene.", "Forårsager hudirritation.", "Kan forårsage sløvhed eller svimmelhed.", "Giftig for vandlevende organismer, med langvarige virkninger.", "Opbevares utilgængeligt for børn.", "Holdes væk fra varme, varme overflader, gnister, åben ild og andre antændelseskilder. Rygning forbudt.", "Træf foranstaltninger mod statisk elektricitet.", "Bær beskyttelseshandsker/beskyttelsestøj/øjenbeskyttelse/ansigtsbeskyttelse.", "I TILFÆLDE AF INDTAGELSE:", "Ring omgående til en GIFTINFORMATION eller en læge.", "VED KONTAKT MED HUDEN:", "Vask med rigeligt vand og sæbe."], "labels": [], "description": null, "info": "", "images": [{"small": "https://rema-product-images.digital.rema1000.dk/150152/1-small-NpP7kJ55PO.webp", "medium": "https://rema-product-images.digital.rema1000.dk/150152/1-medium-NpP7kJ55PO.webp", "large": "https://rema-product-images.digital.rema1000.dk/150152/1-large-NpP7kJ55PO.webp"}], "prices": [{"price": 23.95, "price_over_max_quantity": null, "max_quantity": null, "is_advertised": false, "is_campaign": false, "starting_at": "2022-07-28T00:00:00+00:00", "ending_at": "2099-12-31T00:00:00+00:00", "deposit": null, "compare_unit": "ltr", "compare_unit_price": 47.9, "consumption_unit": null, "consumption_quantity": null}], "temperature_zone": null, "is_self_scale_item": false, "is_weight_item": false, "is_available_in_all_stores": true, "is_batch_item": false}
{"id": 150157, "name": "BORUP VAND", "underline": "1 LTR. / DEMINERALISERET", "age_limit": null, "hazard_precaution_statements": [], "labels": [], "description": "Anvendes til bl.a efterfyldning af dampstrygejern og akkumulatorer (bilbatterier medmere).", "info": "", "images": [{"small": "https://rema-product-images.digital.rema1000.dk/150157/1-small-wyPbjVE1PE.webp", "medium": "https://rema-product-images.digital.rema1000.dk/150157/1-medium-wyPbjVE1PE.webp", "large": "https://rema-product-images.digital.rema1000.dk/150157/1-large-wyPbjVE1PE.webp"}], "prices": [{"price": 7.95, "price_over_max_quantity": null, "max_quantity": null, "is_advertised": false, "is_campaign": false, "starting_at": "2011-01-03T00:00:00+00:00", "ending_at": "2099-12-31T00:00:00+00:00", "deposit": null, "compare_unit": "ltr", "compare_unit_price": 7.95, "consumption_unit": null, "consumption_quantity": null}], "temperature_zone": null, "is_self_scale_item": false, "is_weight_item": false, "is_available_in_all_stores": true, "is_batch_item": false}
{"id": 150160, "name": "32% EDDIKESYRE", "underline": "1 LTR. / BORUP", "age_limit": null, "hazard_precaution_statements": ["Forårsager svære ætsninger af huden og øjenskader.", "Hvis der er brug for lægehjælp, medbring da beholderen eller etiketten.", "Opbevares utilgængeligt for børn.", "Bær beskyttelseshandsker/beskyttelsestøj/øjenbeskyttelse/ansigtsbeskyttelse.", "VED KONTAKT MED HUDEN (eller håret):", "Alt tilsmudset tøj tages straks af.", "Skyl [eller brus] huden med vand.", "VED KONTAKT MED ØJNENE:", "Skyl forsigtigt med vand i flere minutter.", "Fjern eventuelle kontaktlinser, hvis dette kan gøres let. Fortsæt skylning.", "Søg omgående lægehjælp.", "Indholdet/beholderen bortskaffes i overensstemmelse med lokale regler."], "labels": [], "description": "Fjern kalk og sæberester Anvendes til rengøring af gulve før lakering til fjernelse af kalkaflejringer og sæberester.  Kan også bruges til afkalkning af kaffemaskiner, kogekedler med mere.", "info": "", "images": [{"small": "https://rema-product-images.digital.rema1000.dk/150160/1-small-6xqAzJvN9D.webp", "medium": "https://rema-product-images.digital.rema1000.dk/150160/1-medium-6xqAzJvN9D.webp", "large": "https://rema-product-images.digital.rema1000.dk/150160/1-large-6xqAzJvN9D.webp"}], "prices": [{"price": 18.95, "price_over_max_quantity": null, "max_quantity": null, "is_advertised": false, "is_campaign": false, "starting_at": "2022-07-28T00:00:00+00:00", "ending_at": "2099-12-31T00:00:00+00:00", "deposit": null, "compare_unit": "ltr", "compare_unit_price": 18.95, "consumption_unit": null, "consumption_quantity": null}], "temperature_zone": null, "is_self_scale_item": false, "is_weight_item": false, "is_available_in_all_stores": true, "is_batch_item": false}
{"id": 150169, "name": "LAMPEOLIE/TÆNDVÆSKE", "underline": "1 LTR. / BORUP", "age_limit": null, "hazard_precaution_statements": ["Kan være livsfarligt, hvis det indtages og kommer i luftvejene.", "Hvis der er brug for lægehjælp, medbring da beholderen eller etiketten.", "Opbevares utilgængeligt for børn.", "I TILFÆLDE AF INDTAGELSE: Ring omgående til en GIFTINFORMATION eller en læge.", "Fremkald IKKE opkastning.", "Indholdet/beholderen bortskaffes i henhold til lokale regler.", "Gentagen kontakt kan give tør eller revnet hud."], "labels": [], "description": "Et kombiprodukt til optænding af trækul, briketter, træ og koks i havegrillen samt fakler og olielamper udendørs.", "info": "", "images": [{"small": "https://rema-product-images.digital.rema1000.dk/150169/1-small-Ea91Za2RPz.webp", "medium": "https://rema-product-images.digital.rema1000.dk/150169/1-medium-Ea91Za2RPz.webp", "large": "https://rema-product-images.digital.rema1000.dk/150169/1-large-Ea91Za2RPz.webp"}], "prices": [{"price": 37.95, "price_over_max_quantity": null, "max_quantity": null, "is_advertised": false, "is_campaign": false, "starting_at": "2025-04-01T00:00:00+00:00", "ending_at": "2099-12-31T00:00:00+00:00", "deposit": null, "compare_unit": "ltr", "compare_unit_price": 37.95, "consumption_unit": null, "consumption_quantity": null}], "temperature_zone": null, "is_self_scale_item": false, "is_weight_item": false, "is_available_in_all_stores": true, "is_batch_item": false}
{"id": 150174, "name": "SALMIAKSPIRITUS", "underline": "500 ML. / BORUP 25%, 3 DOBBELT", "age_limit": null, "hazard_precaution_statements": ["Forårsager svære ætsninger af huden og øjenskader.", "Kan forårsage irritation af luftvejene.", "Opbevares utilgængeligt for børn.", "Hvis der er brug for lægehjælp, medbring da beholderen eller etiketten.", "Bær beskyttelseshandsker/beskyttelsestøj/øjenbeskyttelse/ansigtsbeskyttelse.", "VED KONTAKT MED ØJNENE:", "Skyl forsigtigt med vand i flere minutter.", "Fjern eventuelle kontaktlinser, hvis dette kan gøres let. Fortsæt skylning.", "VED KONTAKT MED HUDEN (eller håret):", "Alt tilsmudset tøj tages straks af.", "Skyl [eller brus] huden med vand.", "Ring omgående til en GIFTINFORMATION eller en læge.", "Indholdet/beholderen bortskaffes i overensstemmelse med lokale regler."], "labels": [], "description": "Salmiakspiritus fra Borup til den daglige rengøring.  Speciel effektiv til rengøring af stege- bradepander og grill riste.  Velegnet til rengøring af fedtede flader, neglebørster og kamme samt i blanding til rengøring af vinduer.", "info": "", "images": [{"small": "https://rema-product-images.digital.rema1000.dk/150174/1-small-869D7JR6qM.webp", "medium": "https://rema-product-images.digital.rema1000.dk/150174/1-medium-869D7JR6qM.webp", "large": "https://rema-product-images.digital.rema1000.dk/150174/1-large-869D7JR6qM.webp"}], "prices": [{"price": 18.95, "price_over_max_quantity": null, "max_quantity": null, "is_advertised": false, "is_campaign": false, "starting_at": "2022-07-28T00:00:00+00:00", "ending_at": "2099-12-31T00:00:00+00:00", "deposit": null, "compare_unit": "ltr", "compare_unit_price": 37.9, "consumption_unit": null, "consumption_quantity": null}], "temperature_zone": null, "is_self_scale_item": false, "is_weight_item": false, "is_available_in_all_stores": true, "is_batch_item": false}
{"id": 150185, "name": "SPRIT", "underline": "1 LTR. / BORUP 93% DENATURERET", "age_limit": null, "hazard_precaution_statements": ["Meget brandfarlig væske og damp.", "Hvis der er brug for lægehjælp, medbring da beholderen eller etiketten.", "Opbevares utilgængeligt for børn.", "Holdes væk fra varme, varme overflader, gnister, åben ild og andre antændelseskilder. Rygning forbudt.", "Opbevares køligt.", "Opbevares på et godt ventileret sted.", "Hold beholderen tæt lukket.", "Indholdet/beholderen bortskaffes i overensstemmelse med lokale regler."], "labels": [], "description": "Borup Husholdnigssprit 93% kan anvendes til f.eks.: Pletfjerning: Sprit fjerner farve fra kugle- og spritpenne. Brug så lidt sprit som muligt og gnid til pletten er tør. Læg et stykke sugende stof under. Borup Husholdningssprit 93% er også effektiv til af affedte f.eks. sølv- og gulddækketallerkner. Pudsning: Vinduer, spejle, forkromede haner m.m. poleres med sprit. Tin pudses med en blanding af sprit og wienerkalk (konsistens som lind grød). Blandingen kan også bruges til udvendig polering af aluminiumsgryder samt til rengøring af hvide plastemner som f.eks. havemøbler og glasfiberbåde.", "info": "", "images": [{"small": "https://rema-product-images.digital.rema1000.dk/150185/1-small-we9EOJA8og.webp", "medium": "https://rema-product-images.digital.rema1000.dk/150185/1-medium-we9EOJA8og.webp", "large": "https://rema-product-images.digital.rema1000.dk/150185/1-large-we9EOJA8og.webp"}], "prices": [{"price": 33.95, "price_over_max_quantity": null, "max_quantity": null, "is_advertised": false, "is_campaign": false, "starting_at": "2022-07-28T00:00:00+00:00", "ending_at": "2099-12-31T00:00:00+00:00", "deposit": null, "compare_unit": "ltr", "compare_unit_price": 33.95, "consumption_unit": null, "consumption_quantity": null}], "temperature_zone": null, "is_self_scale_item": false, "is_weight_item": false, "is_available_in_all_stores": true, "is_batch_item": false}
{"id": 150188, "name": "MINERALSK TERPENTIN", "underline": "500 ML. / BORUP", "age_limit": null, "hazard_precaution_statements": ["Brandfarlig væske og damp.", "Kan være livsfarligt, hvis det indtages og kommer i luftvejene.", "Kan forårsage sløvhed eller svimmelhed.", "Forårsager organskader ved længerevarende eller gentagen eksponering.", "Giftig for vandlevende organismer, med langvarige virkninger.", "Gentagen kontakt kan give tør eller revnet hud.", "Hvis der er brug for lægehjælp, medbring da beholderen eller etiketten.", "Opbevares utilgængeligt for børn.", "Træf foranstaltninger mod statisk elektricitet.", "I TILFÆLDE AF INDTAGELSE: Skyl munden. Fremkald IKKE opkastning.", "Søg omgående lægehjælp.", "Indholdet/beholderen bortskaffes i overensstemmelse med lokale regler."], "labels": [], "description": "Kan bruges som fortynder til alkydemalje, lakfarver, olielakker og oliemaling.  Bruges også som rengøringsmiddel ved rengøring af maleværktøj brugt til olie- maling/ lakker.", "info": "", "images": [{"small": "https://rema-product-images.digital.rema1000.dk/150188/1-small-xePwyWAvqw.webp", "medium": "https://rema-product-images.digital.rema1000.dk/150188/1-medium-xePwyWAvqw.webp", "large": "https://rema-product-images.digital.rema1000.dk/150188/1-large-xePwyWAvqw.webp"}], "prices": [{"price": 23.95, "price_over_max_quantity": null, "max_quantity": null, "is_advertised": false, "is_campaign": false, "starting_at": "2022-07-28T00:00:00+00:00", "ending_at": "2099-12-31T00:00:00+00:00", "deposit": null, "compare_unit": "ltr", "compare_unit_price": 47.9, "consumption_unit": null, "consumption_quantity": null}], "temperature_zone": null, "is_self_scale_item": false, "is_weight_item": false, "is_available_in_all_stores": true, "is_batch_item": false}
{"id": 150193, "name": "FLYDENDE AFLØBSRENS", "underline": "1 LTR. / BORUP", "age_limit": null, "hazard_precaution_statements": ["Forårsager svære ætsninger af huden og øjenskader.", "Hvis der er brug for lægehjælp, medbring da beholderen eller etiketten.", "Opbevares utilgængeligt for børn.", "Bær beskyttelseshandsker/beskyttelsestøj/øjenbeskyttelse/ansigtsbeskyttelse.", "VED KONTAKT MED ØJNENE: Skyl forsigtigt med vand i flere minutter. Fjern eventuelle kontaktlinser, hvis dette kan gøres let. Fortsæt skylning.", "VED KONTAKT MED HUDEN (eller håret): Tilsmudset tøj tages straks af/fjernes. Skyl [eller brus] huden med vand.", "Ring omgående til en GIFTINFORMATION eller en læge.", "Indholdet/beholderen bortskaffes i henhold til lokale affaldsregulativer."], "labels": [], "description": "Rens afløbet  Flydende afløbsrens kan bruges i alle typer tilstoppede afløb. Produktet opløser propper af fedt, hår, sæbe, husholdningsrester, slam medmere.  Også velegnet til afløb, hvor vandet løber langsomt igennem vandlåsen.", "info": "", "images": [{"small": "https://rema-product-images.digital.rema1000.dk/150193/1-small-xQq8gJMQoZ.webp", "medium": "https://rema-product-images.digital.rema1000.dk/150193/1-medium-xQq8gJMQoZ.webp", "large": "https://rema-product-images.digital.rema1000.dk/150193/1-large-xQq8gJMQoZ.webp"}], "prices": [{"price": 12.95, "price_over_max_quantity": null, "max_quantity": null, "is_advertised": false, "is_campaign": false, "starting_at": "2016-09-08T00:00:00+00:00", "ending_at": "2099-12-31T00:00:00+00:00", "deposit": null, "compare_unit": "ltr", "compare_unit_price": 12.95, "consumption_unit": null, "consumption_quantity": null}], "temperature_zone": null, "is_self_scale_item": false, "is_weight_item": false, "is_available_in_all_stores": true, "is_batch_item": false}
{"id": 150197, "name": "ACETONE", "underline": "0.5 LTR. / BORUP", "age_limit": null, "hazard_precaution_statements": ["Meget brandfarlig væske og damp.", "Forårsager alvorlig øjenirritation.", "Kan forårsage sløvhed eller svimmelhed.", "Gentagen kontakt kan give tør eller revnet hud.", "Hvis der er brug for lægehjælp, medbring da beholderen eller etiketten.", "Opbevares utilgængeligt for børn.", "Holdes væk fra varme, varme overflader, gnister, åben ild og andre antændelseskilder. Rygning forbudt.", "Bær beskyttelseshandsker/beskyttelsestøj/øjenbeskyttelse/ansigtsbeskyttelse.", "VED KONTAKT MED ØJNENE: Skyl forsigtigt med vand i flere minutter. Fjern eventuelle kontaktlinser, hvis dette kan gøres let. Fortsæt skylning.", "Indholdet/beholderen bortskaffes i henhold til lokale affaldsregulativer."], "labels": [], "description": "God til pletfjerning mod neglelak, celluloselak, lim, rester af klistermærker, olie, læbestift, læderfarve medmere.  Prøv altid først på et ikke synligt sted.", "info": "", "images": [{"small": "https://rema-product-images.digital.rema1000.dk/150197/1-small-aboK8Jzzqp.webp", "medium": "https://rema-product-images.digital.rema1000.dk/150197/1-medium-aboK8Jzzqp.webp", "large": "https://rema-product-images.digital.rema1000.dk/150197/1-large-aboK8Jzzqp.webp"}], "prices": [{"price": 21.95, "price_over_max_quantity": null, "max_quantity": null, "is_advertised": false, "is_campaign": false, "starting_at": "2022-07-28T00:00:00+00:00", "ending_at": "2099-12-31T00:00:00+00:00", "deposit": null, "compare_unit": "ltr", "compare_unit_price": 43.9, "consumption_unit": null, "consumption_quantity": null}], "temperature_zone": null, "is_self_scale_item": false, "is_weight_item": false, "is_available_in_all_stores": true, "is_batch_item": false}
{"id": 151021, "name": "MYRELOKKEDÅSER", "underline": "2 STK.", "age_limit": null, "hazard_precaution_statements": [], "labels": [], "description": null, "info": "", "images": [{"small": "https://rema-product-images.digital.rema1000.dk/151021/1-small-bJ9YagjX9L.webp", "medium": "https://rema-product-images.digital.rema1000.dk/151021/1-medium-bJ9YagjX9L.webp", "large": "https://rema-product-images.digital.rema1000.dk/151021/1-large-bJ9YagjX9L.webp"}], "prices": [{"price": 39, "price_over_max_quantity": null, "max_quantity": null, "is_advertised": false, "is_campaign": false, "starting_at": "2024-12-04T00:00:00+00:00", "ending_at": "2099-12-31T00:00:00+00:00", "deposit": null, "compare_unit": "stk", "compare_unit_price": 19.5, "consumption_unit": null, "consumption_quantity": null}], "temperature_zone": null, "is_self_scale_item": false, "is_weight_item": false, "is_available_in_all_stores": false, "is_batch_item": false}
{"id": 151741, "name": "SVUPPER", "underline": "1 STK. / TRP OG TRÆ", "age_limit": null, "hazard_precaution_statements": [], "labels": [], "description": "Gummi svupper: Ø15,5 cm Træskaft: 31 cm", "info": "", "images": [{"small": "https://rema-product-images.digital.rema1000.dk/151741/1-small-we9EOYXLog.webp", "medium": "https://rema-product-images.digital.rema1000.dk/151741/1-medium-we9EOYXLog.webp", "large": "https://rema-product-images.digital.rema1000.dk/151741/1-large-we9EOYXLog.webp"}], "prices": [{"price": 24.95, "price_over_max_quantity": null, "max_quantity": null, "is_advertised": false, "is_campaign": false, "starting_at": "2023-12-07T00:00:00+00:00", "ending_at": "2099-12-31T00:00:00+00:00", "deposit": null, "compare_unit": "stk", "compare_unit_price": 24.95, "consumption_unit": null, "consumption_quantity": null}], "temperature_zone": null, "is_self_scale_item": false, "is_weight_item": false, "is_available_in_all_stores": false, "is_batch_item": false}
{"id": 151770, "name": "GULVSPAND", "underline": "1 STK. / MÖFF 13 LTR", "age_limit": null, "hazard_precaution_statements": [], "labels": [], "description": "36x28x26 cm", "info": "", "images": [{"small": "https://rema-product-images.digital.rema1000.dk/151770/1-small-kOq3bMxko6.webp", "medium": "https://rema-product-images.digital.rema1000.dk/151770/1-medium-kOq3bMxko6.webp", "large": "https://rema-product-images.digital.rema1000.dk/151770/1-large-kOq3bMxko6.webp"}], "prices": [{"price": 49, "price_over_max_quantity": null, "max_quantity": null, "is_advertised": false, "is_campaign": false, "starting_at": "2024-06-26T00:00:00+00:00", "ending_at": "2099-12-31T00:00:00+00:00", "deposit": null, "compare_unit": "stk", "compare_unit_price": 49, "consumption_unit": null, "consumption_quantity": null}], "temperature_zone": null, "is_self_scale_item": false, "is_weight_item": false, "is_available_in_all_stores": true, "is_batch_item": false}
{"id": 151771, "name": "VRIDER TIL SPAND", "underline": "1 STK. / MÖFF", "age_limit": null, "hazard_precaution_statements": [], "labels": [], "description": "26,3x11,3x20,5 cm", "info": "", "images": [{"small": "https://rema-product-images.digital.rema1000.dk/151771/1-small-OW9OV2Q4qg.webp", "medium": "https://rema-product-images.digital.rema1000.dk/151771/1-medium-OW9OV2Q4qg.webp", "large": "https://rema-product-images.digital.rema1000.dk/151771/1-large-OW9OV2Q4qg.webp"}], "prices": [{"price": 45, "price_over_max_quantity": null, "max_quantity": null, "is_advertised": false, "is_campaign": false, "starting_at": "2024-06-26T00:00:00+00:00", "ending_at": "2099-12-31T00:00:00+00:00", "deposit": null, "compare_unit": "stk", "compare_unit_price": 45, "consumption_unit": null, "consumption_quantity": null}], "temperature_zone": null, "is_self_scale_item": false, "is_weight_item": false, "is_available_in_all_stores": true, "is_batch_item": false}
{"id": 151772, "name": "FLADMOPPE HOVED", "underline": "1 STK. / MÖFF INKL. MOPPEKLUD", "age_limit": null, "hazard_precaution_statements": [], "labels": [], "description": "Moppe med microfiberklud: 41x16x11,7 cm", "info": "", "images": [{"small": "https://rema-product-images.digital.rema1000.dk/151772/1-small-xyqajRn29D.webp", "medium": "https://rema-product-images.digital.rema1000.dk/151772/1-medium-xyqajRn29D.webp", "large": "https://rema-product-images.digital.rema1000.dk/151772/1-large-xyqajRn29D.webp"}], "prices": [{"price": 79, "price_over_max_quantity": null, "max_quantity": null, "is_advertised": false, "is_campaign": false, "starting_at": "2024-06-26T00:00:00+00:00", "ending_at": "2099-12-31T00:00:00+00:00", "deposit": null, "compare_unit": "stk", "compare_unit_price": 79, "consumption_unit": null, "consumption_quantity": null}], "temperature_zone": null, "is_self_scale_item": false, "is_weight_item": false, "is_available_in_all_stores": true, "is_batch_item": false}
{"id": 151773, "name": "MOPPEKLUD", "underline": "1 STK. / MÖFF", "age_limit": null, "hazard_precaution_statements": [], "labels": [], "description": "Moppeklud: 41x16x11,7 cm", "info": "", "images": [{"small": "https://rema-product-images.digital.rema1000.dk/151773/1-small-pYqxnNyyP1.webp", "medium": "https://rema-product-images.digital.rema1000.dk/151773/1-medium-pYqxnNyyP1.webp", "large": "https://rema-product-images.digital.rema1000.dk/151773/1-large-pYqxnNyyP1.webp"}], "prices": [{"price": 35, "price_over_max_quantity": null, "max_quantity": null, "is_advertised": false, "is_campaign": false, "starting_at": "2024-06-26T00:00:00+00:00", "ending_at": "2099-12-31T00:00:00+00:00", "deposit": null, "compare_unit": "stk", "compare_unit_price": 35, "consumption_unit": null, "consumption_quantity": null}], "temperature_zone": null, "is_self_scale_item": false, "is_weight_item": false, "is_available_in_all_stores": true, "is_batch_item": false}
{"id": 151796, "name": "VASKEPOSE", "underline": "1 STK. / 50X40 CM", "age_limit": null, "hazard_precaution_statements": [], "labels": [], "description": "Bæreevne: Max 4 kg. Rumindhold: 20 ltr.", "info": "", "images": [{"small": "https://rema-product-images.digital.rema1000.dk/151796/1-small-NpP7kgxMPO.webp", "medium": "https://rema-product-images.digital.rema1000.dk/151796/1-medium-NpP7kgxMPO.webp", "large": "https://rema-product-images.digital.rema1000.dk/151796/1-large-NpP7kgxMPO.webp"}], "prices": [{"price": 14.95, "price_over_max_quantity": null, "max_quantity": null, "is_advertised": false, "is_campaign": false, "starting_at": "2023-10-25T00:00:00+00:00", "ending_at": "2099-12-31T00:00:00+00:00", "deposit": null, "compare_unit": "stk", "compare_unit_price": 14.95, "consumption_unit": null, "consumption_quantity": null}], "temperature_zone": null, "is_self_scale_item": false, "is_weight_item": false, "is_available_in_all_stores": true, "is_batch_item": false}
{"id": 151801, "name": "FNUGRULLE", "underline": "1 STK. / 60 ARK", "age_limit": null, "hazard_precaution_statements": [], "labels": [], "description": null, "info": "", "images": [{"small": "https://rema-product-images.digital.rema1000.dk/151801/1-small-ElPB14B19k.webp", "medium": "https://rema-product-images.digital.rema1000.dk/151801/1-medium-ElPB14B19k.webp", "large": "https://rema-product-images.digital.rema1000.dk/151801/1-large-ElPB14B19k.webp"}], "prices": [{"price": 15, "price_over_max_quantity": null, "max_quantity": null, "is_advertised": false, "is_campaign": false, "starting_at": "2023-03-20T00:00:00+00:00", "ending_at": "2099-12-31T00:00:00+00:00", "deposit": null, "compare_unit": "stk", "compare_unit_price": 15, "consumption_unit": null, "consumption_quantity": null}], "temperature_zone": null, "is_self_scale_item": false, "is_weight_item": false, "is_available_in_all_stores": true, "is_batch_item": false}
{"id": 151802, "name": "FNUGRULLE REFILLER", "underline": "2 STK. / 60 ARK", "age_limit": null, "hazard_precaution_statements": [], "labels": [], "description": null, "info": "", "images": [{"small": "https://rema-product-images.digital.rema1000.dk/151802/1-small-kAonlajM9x.webp", "medium": "https://rema-product-images.digital.rema1000.dk/151802/1-medium-kAonlajM9x.webp", "large": "https://rema-product-images.digital.rema1000.dk/151802/1-large-kAonlajM9x.webp"}], "prices": [{"price": 15, "price_over_max_quantity": null, "max_quantity": null, "is_advertised": false, "is_campaign": false, "starting_at": "2023-03-20T00:00:00+00:00", "ending_at": "2099-12-31T00:00:00+00:00", "deposit": null, "compare_unit": "stk", "compare_unit_price": 7.5, "consumption_unit": null, "consumption_quantity": null}], "temperature_zone": null, "is_self_scale_item": false, "is_weight_item": false, "is_available_in_all_stores": true, "is_batch_item": false}
{"id": 151807, "name": "OPVASKEBØRSTE", "underline": "1 STK. / HÅRMIX, GENANVENDT PLAST", "age_limit": null, "hazard_precaution_statements": [], "labels": [], "description": null, "info": "", "images": [{"small": "https://rema-product-images.digital.rema1000.dk/151807/1-small-v09gyYLzoA.webp", "medium": "https://rema-product-images.digital.rema1000.dk/151807/1-medium-v09gyYLzoA.webp", "large": "https://rema-product-images.digital.rema1000.dk/151807/1-large-v09gyYLzoA.webp"}], "prices": [{"price": 7.95, "price_over_max_quantity": null, "max_quantity": null, "is_advertised": false, "is_campaign": false, "starting_at": "2023-12-07T00:00:00+00:00", "ending_at": "2099-12-31T00:00:00+00:00", "deposit": null, "compare_unit": "stk", "compare_unit_price": 7.95, "consumption_unit": null, "consumption_quantity": null}], "temperature_zone": null, "is_self_scale_item": false, "is_weight_item": false, "is_available_in_all_stores": true, "is_batch_item": false}
{"id": 151812, "name": "VISKESTYKKER", "underline": "3 STK. / 50X70 CM OEKO-TEX", "age_limit": null, "hazard_precaution_statements": [], "labels": [], "description": null, "info": "", "images": [{"small": "https://rema-product-images.digital.rema1000.dk/151812/1-small-18oXzred9k.webp", "medium": "https://rema-product-images.digital.rema1000.dk/151812/1-medium-18oXzred9k.webp", "large": "https://rema-product-images.digital.rema1000.dk/151812/1-large-18oXzred9k.webp"}], "prices": [{"price": 34.95, "price_over_max_quantity": null, "max_quantity": null, "is_advertised": false, "is_campaign": false, "starting_at": "2022-03-24T00:00:00+00:00", "ending_at": "2099-12-31T00:00:00+00:00", "deposit": null, "compare_unit": "stk", "compare_unit_price": 11.65, "consumption_unit": null, "consumption_quantity": null}], "temperature_zone": null, "is_self_scale_item": false, "is_weight_item": false, "is_available_in_all_stores": true, "is_batch_item": false}
{"id": 151813, "name": "KARKLUDE", "underline": "3 STK. / 30X30 CM OEKO-TEX", "age_limit": null, "hazard_precaution_statements": [], "labels": [], "description": null, "info": "", "images": [{"small": "https://rema-product-images.digital.rema1000.dk/151813/1-small-wyPbjA37PE.webp", "medium": "https://rema-product-images.digital.rema1000.dk/151813/1-medium-wyPbjA37PE.webp", "large": "https://rema-product-images.digital.rema1000.dk/151813/1-large-wyPbjA37PE.webp"}], "prices": [{"price": 16.95, "price_over_max_quantity": null, "max_quantity": null, "is_advertised": false, "is_campaign": false, "starting_at": "2022-03-31T00:00:00+00:00", "ending_at": "2099-12-31T00:00:00+00:00", "deposit": null, "compare_unit": "stk", "compare_unit_price": 5.65, "consumption_unit": null, "consumption_quantity": null}], "temperature_zone": null, "is_self_scale_item": false, "is_weight_item": false, "is_available_in_all_stores": true, "is_batch_item": false}
{"id": 151842, "name": "OPVASKEBØRSTE RPP", "underline": "1 STK. / MED UDSKIFTELIGT HOVED", "age_limit": null, "hazard_precaution_statements": [], "labels": [], "description": null, "info": "", "images": [{"small": "https://rema-product-images.digital.rema1000.dk/151842/1-small-A4Py0Lnd9L.webp", "medium": "https://rema-product-images.digital.rema1000.dk/151842/1-medium-A4Py0Lnd9L.webp", "large": "https://rema-product-images.digital.rema1000.dk/151842/1-large-A4Py0Lnd9L.webp"}], "prices": [{"price": 15, "price_over_max_quantity": null, "max_quantity": null, "is_advertised": false, "is_campaign": false, "starting_at": "2024-06-27T00:00:00+00:00", "ending_at": "2099-12-31T00:00:00+00:00", "deposit": null, "compare_unit": "stk", "compare_unit_price": 15, "consumption_unit": null, "consumption_quantity": null}], "temperature_zone": null, "is_self_scale_item": false, "is_weight_item": false, "is_available_in_all_stores": true, "is_batch_item": false}
{"id": 151843, "name": "OPVASKEBØRSTEHOVED", "underline": "1 STK. / RPP", "age_limit": null, "hazard_precaution_statements": [], "labels": [], "description": null, "info": "", "images": [{"small": "https://rema-product-images.digital.rema1000.dk/151843/1-small-dyom8OaMPV.webp", "medium": "https://rema-product-images.digital.rema1000.dk/151843/1-medium-dyom8OaMPV.webp", "large": "https://rema-product-images.digital.rema1000.dk/151843/1-large-dyom8OaMPV.webp"}], "prices": [{"price": 6.95, "price_over_max_quantity": null, "max_quantity": null, "is_advertised": false, "is_campaign": false, "starting_at": "2022-05-12T00:00:00+00:00", "ending_at": "2099-12-31T00:00:00+00:00", "deposit": null, "compare_unit": "stk", "compare_unit_price": 6.95, "consumption_unit": null, "consumption_quantity": null}], "temperature_zone": null, "is_self_scale_item": false, "is_weight_item": false, "is_available_in_all_stores": true, "is_batch_item": false}
{"id": 152123, "name": "TRÆKLEMMER", "underline": "24 STK.", "age_limit": null, "hazard_precaution_statements": [], "labels": [], "description": null, "info": "", "images": [{"small": "https://rema-product-images.digital.rema1000.dk/152123/1-small-MNqZnmyJqA.webp", "medium": "https://rema-product-images.digital.rema1000.dk/152123/1-medium-MNqZnmyJqA.webp", "large": "https://rema-product-images.digital.rema1000.dk/152123/1-large-MNqZnmyJqA.webp"}], "prices": [{"price": 15.95, "price_over_max_quantity": null, "max_quantity": null, "is_advertised": false, "is_campaign": false, "starting_at": "2023-12-07T00:00:00+00:00", "ending_at": "2099-12-31T00:00:00+00:00", "deposit": null, "compare_unit": "stk", "compare_unit_price": 0.66, "consumption_unit": null, "consumption_quantity": null}], "temperature_zone": null, "is_self_scale_item": false, "is_weight_item": false, "is_available_in_all_stores": true, "is_batch_item": false}
{"id": 152153, "name": "KLEMMER", "underline": "12 STK. / PLAST", "age_limit": null, "hazard_precaution_statements": [], "labels": [], "description": "8,5x1,5 cm", "info": "", "images": [{"small": "https://rema-product-images.digital.rema1000.dk/152153/1-small-aboK8OB8qp.webp", "medium": "https://rema-product-images.digital.rema1000.dk/152153/1-medium-aboK8OB8qp.webp", "large": "https://rema-product-images.digital.rema1000.dk/152153/1-large-aboK8OB8qp.webp"}], "prices": [{"price": 21.95, "price_over_max_quantity": null, "max_quantity": null, "is_advertised": false, "is_campaign": false, "starting_at": "2024-06-21T00:00:00+00:00", "ending_at": "2099-12-31T00:00:00+00:00", "deposit": null, "compare_unit": "stk", "compare_unit_price": 1.83, "consumption_unit": null, "consumption_quantity": null}], "temperature_zone": null, "is_self_scale_item": false, "is_weight_item": false, "is_available_in_all_stores": true, "is_batch_item": false}
{"id": 152545, "name": "AFSTØVER", "underline": "1 STK. / MICROFIBER", "age_limit": null, "hazard_precaution_statements": [], "labels": [], "description": null, "info": "", "images": [{"small": "https://rema-product-images.digital.rema1000.dk/152545/1-small-ElPB144W9k.webp", "medium": "https://rema-product-images.digital.rema1000.dk/152545/1-medium-ElPB144W9k.webp", "large": "https://rema-product-images.digital.rema1000.dk/152545/1-large-ElPB144W9k.webp"}], "prices": [{"price": 23.95, "price_over_max_quantity": null, "max_quantity": null, "is_advertised": false, "is_campaign": false, "starting_at": "2023-12-07T00:00:00+00:00", "ending_at": "2099-12-31T00:00:00+00:00", "deposit": null, "compare_unit": "stk", "compare_unit_price": 23.95, "consumption_unit": null, "consumption_quantity": null}], "temperature_zone": null, "is_self_scale_item": false, "is_weight_item": false, "is_available_in_all_stores": true, "is_batch_item": false}
{"id": 152551, "name": "VÅDRUMSSKRABER", "underline": "1 STK. / MÖFF", "age_limit": null, "hazard_precaution_statements": [], "labels": [], "description": null, "info": "", "images": [{"small": "https://rema-product-images.digital.rema1000.dk/152551/1-small-v09gyY0joA.webp", "medium": "https://rema-product-images.digital.rema1000.dk/152551/1-medium-v09gyY0joA.webp", "large": "https://rema-product-images.digital.rema1000.dk/152551/1-large-v09gyY0joA.webp"}], "prices": [{"price": 40.95, "price_over_max_quantity": null, "max_quantity": null, "is_advertised": false, "is_campaign": false, "starting_at": "2023-12-07T00:00:00+00:00", "ending_at": "2099-12-31T00:00:00+00:00", "deposit": null, "compare_unit": "stk", "compare_unit_price": 40.95, "consumption_unit": null, "consumption_quantity": null}], "temperature_zone": null, "is_self_scale_item": false, "is_weight_item": false, "is_available_in_all_stores": true, "is_batch_item": false}
{"id": 152555, "name": "FLASKERENSER", "underline": "1 STK. / MÖFF", "age_limit": null, "hazard_precaution_statements": [], "labels": [], "description": null, "info": "", "images": [{"small": "https://rema-product-images.digital.rema1000.dk/152555/1-small-A5qVz5alqa.webp", "medium": "https://rema-product-images.digital.rema1000.dk/152555/1-medium-A5qVz5alqa.webp", "large": "https://rema-product-images.digital.rema1000.dk/152555/1-large-A5qVz5alqa.webp"}], "prices": [{"price": 8.95, "price_over_max_quantity": null, "max_quantity": null, "is_advertised": false, "is_campaign": false, "starting_at": "2023-12-07T00:00:00+00:00", "ending_at": "2099-12-31T00:00:00+00:00", "deposit": null, "compare_unit": "stk", "compare_unit_price": 8.95, "consumption_unit": null, "consumption_quantity": null}], "temperature_zone": null, "is_self_scale_item": false, "is_weight_item": false, "is_available_in_all_stores": true, "is_batch_item": false}
{"id": 152560, "name": "VINDUESSKRABER", "underline": "1 SÆT / MED EKSTRA HOVED", "age_limit": null, "hazard_precaution_statements": [], "labels": [], "description": "35,5 x 18 x 3 cm", "info": "", "images": [{"small": "https://rema-product-images.digital.rema1000.dk/152560/1-small-6xqAzpgR9D.webp", "medium": "https://rema-product-images.digital.rema1000.dk/152560/1-medium-6xqAzpgR9D.webp", "large": "https://rema-product-images.digital.rema1000.dk/152560/1-large-6xqAzpgR9D.webp"}], "prices": [{"price": 38.95, "price_over_max_quantity": null, "max_quantity": null, "is_advertised": false, "is_campaign": false, "starting_at": "2024-09-23T00:00:00+00:00", "ending_at": "2099-12-31T00:00:00+00:00", "deposit": null, "compare_unit": "sæt", "compare_unit_price": 38.95, "consumption_unit": null, "consumption_quantity": null}], "temperature_zone": null, "is_self_scale_item": false, "is_weight_item": false, "is_available_in_all_stores": true, "is_batch_item": false}
{"id": 152561, "name": "TELESKOPSKAFT", "underline": "1 STK. / MÖFF MED GEVIND", "age_limit": null, "hazard_precaution_statements": [], "labels": [], "description": "Op til 140 cm", "info": "", "images": [{"small": "https://rema-product-images.digital.rema1000.dk/152561/1-small-Z8qplD6Qq3.webp", "medium": "https://rema-product-images.digital.rema1000.dk/152561/1-medium-Z8qplD6Qq3.webp", "large": "https://rema-product-images.digital.rema1000.dk/152561/1-large-Z8qplD6Qq3.webp"}], "prices": [{"price": 25.95, "price_over_max_quantity": null, "max_quantity": null, "is_advertised": false, "is_campaign": false, "starting_at": "2023-12-07T00:00:00+00:00", "ending_at": "2099-12-31T00:00:00+00:00", "deposit": null, "compare_unit": "stk", "compare_unit_price": 25.95, "consumption_unit": null, "consumption_quantity": null}], "temperature_zone": null, "is_self_scale_item": false, "is_weight_item": false, "is_available_in_all_stores": true, "is_batch_item": false}
{"id": 152573, "name": "TOILETBØRSTE", "underline": "1 STK. / GENANVENDT PLAST", "age_limit": null, "hazard_precaution_statements": [], "labels": [], "description": null, "info": "", "images": [{"small": "https://rema-product-images.digital.rema1000.dk/152573/1-small-pYqxnNOpP1.webp", "medium": "https://rema-product-images.digital.rema1000.dk/152573/1-medium-pYqxnNOpP1.webp", "large": "https://rema-product-images.digital.rema1000.dk/152573/1-large-pYqxnNOpP1.webp"}], "prices": [{"price": 20, "price_over_max_quantity": null, "max_quantity": null, "is_advertised": false, "is_campaign": false, "starting_at": "2021-11-25T00:00:00+00:00", "ending_at": "2099-12-31T00:00:00+00:00", "deposit": null, "compare_unit": "stk", "compare_unit_price": 20, "consumption_unit": null, "consumption_quantity": null}], "temperature_zone": null, "is_self_scale_item": false, "is_weight_item": false, "is_available_in_all_stores": true, "is_batch_item": false}
{"id": 152574, "name": "SPRAYER", "underline": "1 STK. / 500 ML", "age_limit": null, "hazard_precaution_statements": [], "labels": [], "description": null, "info": "", "images": [{"small": "https://rema-product-images.digital.rema1000.dk/152574/1-small-869D7e0EqM.webp", "medium": "https://rema-product-images.digital.rema1000.dk/152574/1-medium-869D7e0EqM.webp", "large": "https://rema-product-images.digital.rema1000.dk/152574/1-large-869D7e0EqM.webp"}], "prices": [{"price": 21.95, "price_over_max_quantity": null, "max_quantity": null, "is_advertised": false, "is_campaign": false, "starting_at": "2023-06-19T00:00:00+00:00", "ending_at": "2099-12-31T00:00:00+00:00", "deposit": null, "compare_unit": "stk", "compare_unit_price": 21.95, "consumption_unit": null, "consumption_quantity": null}], "temperature_zone": null, "is_self_scale_item": false, "is_weight_item": false, "is_available_in_all_stores": true, "is_batch_item": false}
{"id": 152576, "name": "PLASTTØJKLEMMER", "underline": "12 STK. / GUMMIGREB", "age_limit": null, "hazard_precaution_statements": [], "labels": [], "description": null, "info": "", "images": [{"small": "https://rema-product-images.digital.rema1000.dk/152576/1-small-nDPWJ8xB9W.webp", "medium": "https://rema-product-images.digital.rema1000.dk/152576/1-medium-nDPWJ8xB9W.webp", "large": "https://rema-product-images.digital.rema1000.dk/152576/1-large-nDPWJ8xB9W.webp"}], "prices": [{"price": 12.95, "price_over_max_quantity": null, "max_quantity": null, "is_advertised": false, "is_campaign": false, "starting_at": "2023-08-01T00:00:00+00:00", "ending_at": "2099-12-31T00:00:00+00:00", "deposit": null, "compare_unit": "stk", "compare_unit_price": 1.08, "consumption_unit": null, "consumption_quantity": null}], "temperature_zone": null, "is_self_scale_item": false, "is_weight_item": false, "is_available_in_all_stores": true, "is_batch_item": false}
{"id": 152580, "name": "FEJEBAKKESÆT", "underline": "1 STK. / GENANVENDT PLAST", "age_limit": null, "hazard_precaution_statements": [], "labels": [], "description": null, "info": "", "images": [{"small": "https://rema-product-images.digital.rema1000.dk/152580/1-small-7doL5a4Nq6.webp", "medium": "https://rema-product-images.digital.rema1000.dk/152580/1-medium-7doL5a4Nq6.webp", "large": "https://rema-product-images.digital.rema1000.dk/152580/1-large-7doL5a4Nq6.webp"}], "prices": [{"price": 25, "price_over_max_quantity": null, "max_quantity": null, "is_advertised": false, "is_campaign": false, "starting_at": "2021-12-01T00:00:00+00:00", "ending_at": "2099-12-31T00:00:00+00:00", "deposit": null, "compare_unit": "stk", "compare_unit_price": 25, "consumption_unit": null, "consumption_quantity": null}], "temperature_zone": null, "is_self_scale_item": false, "is_weight_item": false, "is_available_in_all_stores": true, "is_batch_item": false}
{"id": 152581, "name": "FEJEKOST", "underline": "1 STK. / MED GEVIND", "age_limit": null, "hazard_precaution_statements": [], "labels": [], "description": null, "info": "", "images": [{"small": "https://rema-product-images.digital.rema1000.dk/152581/1-small-JzPJn3AJPk.webp", "medium": "https://rema-product-images.digital.rema1000.dk/152581/1-medium-JzPJn3AJPk.webp", "large": "https://rema-product-images.digital.rema1000.dk/152581/1-large-JzPJn3AJPk.webp"}], "prices": [{"price": 31.95, "price_over_max_quantity": null, "max_quantity": null, "is_advertised": false, "is_campaign": false, "starting_at": "2022-08-04T00:00:00+00:00", "ending_at": "2099-12-31T00:00:00+00:00", "deposit": null, "compare_unit": "stk", "compare_unit_price": 31.95, "consumption_unit": null, "consumption_quantity": null}], "temperature_zone": null, "is_self_scale_item": false, "is_weight_item": false, "is_available_in_all_stores": true, "is_batch_item": false}
{"id": 152582, "name": "GULVSKRUBBE", "underline": "1 STK. / PLAST", "age_limit": null, "hazard_precaution_statements": [], "labels": [], "description": null, "info": "", "images": [{"small": "https://rema-product-images.digital.rema1000.dk/152582/1-small-MBoNnDeDov.webp", "medium": "https://rema-product-images.digital.rema1000.dk/152582/1-medium-MBoNnDeDov.webp", "large": "https://rema-product-images.digital.rema1000.dk/152582/1-large-MBoNnDeDov.webp"}], "prices": [{"price": 34.95, "price_over_max_quantity": null, "max_quantity": null, "is_advertised": false, "is_campaign": false, "starting_at": "2022-08-04T00:00:00+00:00", "ending_at": "2099-12-31T00:00:00+00:00", "deposit": null, "compare_unit": "stk", "compare_unit_price": 34.95, "consumption_unit": null, "consumption_quantity": null}], "temperature_zone": null, "is_self_scale_item": false, "is_weight_item": false, "is_available_in_all_stores": true, "is_batch_item": false}
{"id": 153525, "name": "SKOPUDSEMIDDEL", "underline": "75 ML. / SHOE FINISH SORT FLYDENDE", "age_limit": null, "hazard_precaution_statements": [], "labels": [], "description": null, "info": "", "images": [{"small": "https://rema-product-images.digital.rema1000.dk/153525/1-small-Ea91Z3VjPz.webp", "medium": "https://rema-product-images.digital.rema1000.dk/153525/1-medium-Ea91Z3VjPz.webp", "large": "https://rema-product-images.digital.rema1000.dk/153525/1-large-Ea91Z3VjPz.webp"}], "prices": [{"price": 10, "price_over_max_quantity": null, "max_quantity": null, "is_advertised": false, "is_campaign": false, "starting_at": "2014-10-16T00:00:00+00:00", "ending_at": "2099-12-31T00:00:00+00:00", "deposit": null, "compare_unit": "ltr", "compare_unit_price": 133.33, "consumption_unit": null, "consumption_quantity": null}], "temperature_zone": null, "is_self_scale_item": false, "is_weight_item": false, "is_available_in_all_stores": true, "is_batch_item": false}
{"id": 155422, "name": "STÅLSVAMPE", "underline": "2 STK. / MULTY SPIRAL", "age_limit": null, "hazard_precaution_statements": [], "labels": [], "description": null, "info": "", "images": [{"small": "https://rema-product-images.digital.rema1000.dk/155422/1-small-pyozdElK9X.webp", "medium": "https://rema-product-images.digital.rema1000.dk/155422/1-medium-pyozdElK9X.webp", "large": "https://rema-product-images.digital.rema1000.dk/155422/1-large-pyozdElK9X.webp"}], "prices": [{"price": 5.95, "price_over_max_quantity": null, "max_quantity": null, "is_advertised": false, "is_campaign": false, "starting_at": "2024-09-05T00:00:00+00:00", "ending_at": "2099-12-31T00:00:00+00:00", "deposit": null, "compare_unit": "stk", "compare_unit_price": 2.98, "consumption_unit": null, "consumption_quantity": null}], "temperature_zone": null, "is_self_scale_item": false, "is_weight_item": false, "is_available_in_all_stores": true, "is_batch_item": false}
{"id": 155449, "name": "SKURESVAMPE", "underline": "10 STK. / REMA 1000", "age_limit": null, "hazard_precaution_statements": [], "labels": [{"id": 2, "name": "REMA1000", "image": "https://static-assets.digital.rema1000.dk/product/labels/2-64.webp"}], "description": "REMA 1000 Skuresvampe er velegnede til rengøring af overflader der tåler kraftig skuring.<br />  ", "info": "", "images": [{"small": "https://rema-product-images.digital.rema1000.dk/155449/1-small-xQq8gX1zoZ.webp", "medium": "https://rema-product-images.digital.rema1000.dk/155449/1-medium-xQq8gX1zoZ.webp", "large": "https://rema-product-images.digital.rema1000.dk/155449/1-large-xQq8gX1zoZ.webp"}], "prices": [{"price": 6.95, "price_over_max_quantity": null, "max_quantity": null, "is_advertised": false, "is_campaign": false, "starting_at": "2023-05-04T00:00:00+00:00", "ending_at": "2025-09-06T00:00:00+00:00", "deposit": null, "compare_unit": "stk", "compare_unit_price": 0.7, "consumption_unit": null, "consumption_quantity": null}], "temperature_zone": null, "is_self_scale_item": false, "is_weight_item": false, "is_available_in_all_stores": true, "is_batch_item": false}
{"id": 155493, "name": "ALT MULIG KLUDE", "underline": "9 STK. / REMA 1000", "age_limit": null, "hazard_precaution_statements": [], "labels": [{"id": 2, "name": "REMA1000", "image": "https://static-assets.digital.rema1000.dk/product/labels/2-64.webp"}], "description": "Ca. 38x38 cm Velegnet til tør og våd rengøring af glatte overflader i køkken og i bad. Husk at skifte karklud hver dag.", "info": "", "images": [{"small": "https://rema-product-images.digital.rema1000.dk/155493/1-small-xQq8gXdzoZ.webp", "medium": "https://rema-product-images.digital.rema1000.dk/155493/1-medium-xQq8gXdzoZ.webp", "large": "https://rema-product-images.digital.rema1000.dk/155493/1-large-xQq8gXdzoZ.webp"}], "prices": [{"price": 10.75, "price_over_max_quantity": null, "max_quantity": null, "is_advertised": false, "is_campaign": false, "starting_at": "2023-03-27T00:00:00+00:00", "ending_at": "2099-12-31T00:00:00+00:00", "deposit": null, "compare_unit": "stk", "compare_unit_price": 1.19, "consumption_unit": null, "consumption_quantity": null}], "temperature_zone": null, "is_self_scale_item": false, "is_weight_item": false, "is_available_in_all_stores": true, "is_batch_item": false}
{"id": 155525, "name": "WC SKURESTICK", "underline": "1 STK. / MINATOL", "age_limit": null, "hazard_precaution_statements": [], "labels": [], "description": "Skal anvendes våd. Lægges i vand i 5 minutter før brug. Fjerner kalkaflejdringer og sorte rander i toilettet. Kan også anvendes til at fjerne farve fra toiletrens ", "info": "", "images": [{"small": "https://rema-product-images.digital.rema1000.dk/155525/1-small-Ea91Z8OyPz.webp", "medium": "https://rema-product-images.digital.rema1000.dk/155525/1-medium-Ea91Z8OyPz.webp", "large": "https://rema-product-images.digital.rema1000.dk/155525/1-large-Ea91Z8OyPz.webp"}], "prices": [{"price": 13.95, "price_over_max_quantity": null, "max_quantity": null, "is_advertised": false, "is_campaign": false, "starting_at": "2025-03-20T00:00:00+00:00", "ending_at": "2099-12-31T00:00:00+00:00", "deposit": null, "compare_unit": "stk", "compare_unit_price": 13.95, "consumption_unit": null, "consumption_quantity": null}], "temperature_zone": null, "is_self_scale_item": false, "is_weight_item": false, "is_available_in_all_stores": true, "is_batch_item": false}
{"id": 160000, "name": "NATBLEER DRENG", "underline": "9 STK. / REMA 1000, STR. M", "age_limit": null, "hazard_precaution_statements": [], "labels": [{"id": 2, "name": "REMA1000", "image": "https://static-assets.digital.rema1000.dk/product/labels/2-64.webp"}, {"id": 42, "name": "Svanemærket", "image": "https://static-assets.digital.rema1000.dk/product/labels/42-64.webp"}, {"id": 87, "name": "Asthma Allergy Nordic", "image": "https://static-assets.digital.rema1000.dk/product/labels/87-64.webp"}], "description": "<b>Om denne vare</b><br /> Natbleer til drenge, str. medium (8-15 år). Vores natbleer er tilpasset større børn, er <br /> superabsorberende og fri for parfume og lotion (naturligvis). De budgetvenlige bleer er desuden  designet, så de er lydløse og diskrete – og så barnet selv kan få dem på. Natbleerne er skabt under  hensyntagen til miljø og ikke mindst dit barn. Derfor er bleerne svanemærkede og deklareret i  samarbejde med Asthma Allergy Nordic og uden parfume og lotion.", "info": "", "images": [{"small": "https://rema-product-images.digital.rema1000.dk/160000/1-small-xePwyk8vqw.webp", "medium": "https://rema-product-images.digital.rema1000.dk/160000/1-medium-xePwyk8vqw.webp", "large": "https://rema-product-images.digital.rema1000.dk/160000/1-large-xePwyk8vqw.webp"}], "prices": [{"price": 39.95, "price_over_max_quantity": null, "max_quantity": null, "is_advertised": false, "is_campaign": false, "starting_at": "2022-07-07T00:00:00+00:00", "ending_at": "2099-12-31T00:00:00+00:00", "deposit": null, "compare_unit": "stk", "compare_unit_price": 4.44, "consumption_unit": null, "consumption_quantity": null}], "temperature_zone": null, "is_self_scale_item": false, "is_weight_item": false, "is_available_in_all_stores": true, "is_batch_item": false}
{"id": 160001, "name": "NATBLEER PIGE", "underline": "9 STK. / REMA 1000, STR. M", "age_limit": null, "hazard_precaution_statements": [], "labels": [{"id": 2, "name": "REMA1000", "image": "https://static-assets.digital.rema1000.dk/product/labels/2-64.webp"}, {"id": 42, "name": "Svanemærket", "image": "https://static-assets.digital.rema1000.dk/product/labels/42-64.webp"}, {"id": 87, "name": "Asthma Allergy Nordic", "image": "https://static-assets.digital.rema1000.dk/product/labels/87-64.webp"}], "description": "<b>Om denne vare</b> Natbleer til piger, str. medium (8-15 år). Vores natbleer er tilpasset større børn, er superabsorberende <br /> og fri for parfume og lotion (naturligvis). De budgetvenlige bleer er desuden designet, så de er lydløse  og diskrete – og så barnet selv kan få dem på. Natbleerne er skabt under hensyntagen til miljø og ikke  mindst dit barn. Derfor er bleerne svanemærkede og deklareret i samarbejde med Asthma Allergy  Nordic og uden parfume og lotion.", "info": "", "images": [{"small": "https://rema-product-images.digital.rema1000.dk/160001/1-small-ElPB1e289k.webp", "medium": "https://rema-product-images.digital.rema1000.dk/160001/1-medium-ElPB1e289k.webp", "large": "https://rema-product-images.digital.rema1000.dk/160001/1-large-ElPB1e289k.webp"}], "prices": [{"price": 39.95, "price_over_max_quantity": null, "max_quantity": null, "is_advertised": false, "is_campaign": false, "starting_at": "2022-07-07T00:00:00+00:00", "ending_at": "2099-12-31T00:00:00+00:00", "deposit": null, "compare_unit": "stk", "compare_unit_price": 4.44, "consumption_unit": null, "consumption_quantity": null}], "temperature_zone": null, "is_self_scale_item": false, "is_weight_item": false, "is_available_in_all_stores": true, "is_batch_item": false}
{"id": 160009, "name": "BLEPOSER", "underline": "3 RL. / REMA 1000", "age_limit": null, "hazard_precaution_statements": [], "labels": [{"id": 2, "name": "REMA1000", "image": "https://static-assets.digital.rema1000.dk/product/labels/2-64.webp"}], "description": "<b>Til familiens mindste</b> Hos REMA 1000 vil vi gerne følges med jer hele vejen – og gennem alle livets faser. Vi tilbyder <br /> en lang række baby- og børneprodukter af høj kvalitet til lave priser, så du aldrig behøver at gå på  kompromis, når det kommer til dit barn. <b>Om denne vare </b><br /> Praktiske affaldsposer til brugte bleer eller vådt tøj, hvis tøjet skal skiftes i løbet af dagen. Poserne er <br /> nemme af slå knude på, og så er de lugtfrie, så dårlig lugt fra fx brugte bleer holdes ude.  Pakken indeholder tre ruller med 15 bleposer á 4 liter i hver. ", "info": "", "images": [{"small": "https://rema-product-images.digital.rema1000.dk/160009/1-small-aboK8xLzqp.webp", "medium": "https://rema-product-images.digital.rema1000.dk/160009/1-medium-aboK8xLzqp.webp", "large": "https://rema-product-images.digital.rema1000.dk/160009/1-large-aboK8xLzqp.webp"}], "prices": [{"price": 5, "price_over_max_quantity": null, "max_quantity": null, "is_advertised": false, "is_campaign": false, "starting_at": "2018-09-12T00:00:00+00:00", "ending_at": "2099-12-31T00:00:00+00:00", "deposit": null, "compare_unit": "rl", "compare_unit_price": 1.67, "consumption_unit": null, "consumption_quantity": null}], "temperature_zone": null, "is_self_scale_item": false, "is_weight_item": false, "is_available_in_all_stores": true, "is_batch_item": false}
{"id": 160019, "name": "AMMEINDLÆG", "underline": "50 STK. / REMA 1000", "age_limit": null, "hazard_precaution_statements": [], "labels": [{"id": 2, "name": "REMA1000", "image": "https://static-assets.digital.rema1000.dk/product/labels/2-64.webp"}, {"id": 42, "name": "Svanemærket", "image": "https://static-assets.digital.rema1000.dk/product/labels/42-64.webp"}, {"id": 87, "name": "Asthma Allergy Nordic", "image": "https://static-assets.digital.rema1000.dk/product/labels/87-64.webp"}], "description": "<b>Til familiens mindste</b> Hos REMA 1000 vil vi gerne følges med jer hele vejen – og gennem alle livets faser. Vi tilbyder derfor <br /> en lang række baby- og børneprodukter af høj kvalitet til lave priser, så du aldrig behøver at gå på  kompromis, når det kommer til dit barn. <b>Om denne vare </b><br /> Tynde, bløde og ultraabsorberende engangsammeindlæg med konturform. De bløde ammeindlæg har <br /> særdeles god sugeevne og gør, at du kan føle dig tør og komfortabel – dag og nat, også når du ammer.  Indlæggene er både svanemærkede og allergicertificerede.", "info": "", "images": [{"small": "https://rema-product-images.digital.rema1000.dk/160019/1-small-rDq6D7l2Pb.webp", "medium": "https://rema-product-images.digital.rema1000.dk/160019/1-medium-rDq6D7l2Pb.webp", "large": "https://rema-product-images.digital.rema1000.dk/160019/1-large-rDq6D7l2Pb.webp"}], "prices": [{"price": 15, "price_over_max_quantity": null, "max_quantity": null, "is_advertised": false, "is_campaign": false, "starting_at": "2018-12-03T00:00:00+00:00", "ending_at": "2099-12-31T00:00:00+00:00", "deposit": null, "compare_unit": "stk", "compare_unit_price": 0.3, "consumption_unit": null, "consumption_quantity": null}], "temperature_zone": null, "is_self_scale_item": false, "is_weight_item": false, "is_available_in_all_stores": true, "is_batch_item": false}
{"id": 160024, "name": "NAN EXPERTPRO HA 1", "underline": "800 GR. / NESTLE", "age_limit": null, "hazard_precaution_statements": [], "labels": [], "description": null, "info": "", "images": [{"small": "https://rema-product-images.digital.rema1000.dk/160024/1-small-vXodjAv793.webp", "medium": "https://rema-product-images.digital.rema1000.dk/160024/1-medium-vXodjAv793.webp", "large": "https://rema-product-images.digital.rema1000.dk/160024/1-large-vXodjAv793.webp"}], "prices": [{"price": 169.95, "price_over_max_quantity": null, "max_quantity": null, "is_advertised": false, "is_campaign": false, "starting_at": "2023-02-09T00:00:00+00:00", "ending_at": "2099-12-31T00:00:00+00:00", "deposit": null, "compare_unit": "kg", "compare_unit_price": 212.44, "consumption_unit": null, "consumption_quantity": null}], "temperature_zone": null, "is_self_scale_item": false, "is_weight_item": false, "is_available_in_all_stores": true, "is_batch_item": false}
{"id": 160027, "name": "VASKESERVIETTER", "underline": "15 STK. / REMA 1000, ULTRA SENSITIVE", "age_limit": null, "hazard_precaution_statements": [], "labels": [{"id": 2, "name": "REMA1000", "image": "https://static-assets.digital.rema1000.dk/product/labels/2-64.webp"}, {"id": 42, "name": "Svanemærket", "image": "https://static-assets.digital.rema1000.dk/product/labels/42-64.webp"}, {"id": 87, "name": "Asthma Allergy Nordic", "image": "https://static-assets.digital.rema1000.dk/product/labels/87-64.webp"}], "description": "<b>Til familiens mindste</b> Hos REMA 1000 vil vi gerne følges med jer hele vejen – og gennem alle livets faser. Vi tilbyder derfor <br /> en lang række baby- og børneprodukter af høj kvalitet til lave priser, så du aldrig behøver at gå på  kompromis, når det kommer til dit barn. <b>Om denne vare </b><br /> Svanemærkede og allergicertificerede ultra sensitive vaskeservietter uden parfume. De ekstra <br /> skånsomme vaskeservietter er ideelle ved bleskift, til vask af barnets krop – og til fedtede børnefingre  i løbet af dagen. Vaskeservietterne bærer Svanemærket, som er din garanti for, at produktet er blandt  de mest miljøvenlige på markedet, mens Asthma Allergy Nordic garanterer dig for minimal risiko for  kontaktallergi", "info": "", "images": [{"small": "https://rema-product-images.digital.rema1000.dk/160027/1-small-OW9OVjGxqg.webp", "medium": "https://rema-product-images.digital.rema1000.dk/160027/1-medium-OW9OVjGxqg.webp", "large": "https://rema-product-images.digital.rema1000.dk/160027/1-large-OW9OVjGxqg.webp"}], "prices": [{"price": 6, "price_over_max_quantity": null, "max_quantity": null, "is_advertised": false, "is_campaign": false, "starting_at": "2025-07-31T00:00:00+00:00", "ending_at": "2099-12-31T00:00:00+00:00", "deposit": null, "compare_unit": "stk", "compare_unit_price": 0.4, "consumption_unit": null, "consumption_quantity": null}], "temperature_zone": null, "is_self_scale_item": false, "is_weight_item": false, "is_available_in_all_stores": true, "is_batch_item": false}
{"id": 160031, "name": "NAN SENSILAC 2", "underline": "800 GR. / NESTLE, EXPERTPRO", "age_limit": null, "hazard_precaution_statements": [], "labels": [], "description": null, "info": "", "images": [{"small": "https://rema-product-images.digital.rema1000.dk/160031/1-small-01q235L897.webp", "medium": "https://rema-product-images.digital.rema1000.dk/160031/1-medium-01q235L897.webp", "large": "https://rema-product-images.digital.rema1000.dk/160031/1-large-01q235L897.webp"}], "prices": [{"price": 134.95, "price_over_max_quantity": null, "max_quantity": null, "is_advertised": false, "is_campaign": false, "starting_at": "2023-02-09T00:00:00+00:00", "ending_at": "2099-12-31T00:00:00+00:00", "deposit": null, "compare_unit": "kg", "compare_unit_price": 168.69, "consumption_unit": null, "consumption_quantity": null}], "temperature_zone": null, "is_self_scale_item": false, "is_weight_item": false, "is_available_in_all_stores": true, "is_batch_item": false}
{"id": 160032, "name": "PASTA BOLOGNESE", "underline": "185 GR. / LOVEMADE", "age_limit": null, "hazard_precaution_statements": [], "labels": [{"id": 9001, "name": "Avisvare", "image": "https://static-assets.digital.rema1000.dk/product/labels/9001-64.webp"}, {"id": 5, "name": "Økologi", "image": "https://static-assets.digital.rema1000.dk/product/labels/5-64.webp"}], "description": "<b>Produktbeskrivelse</b> Cremet og smagfuld pastaret med oksekød, durumhvede pasta, tomat og gulerod, smagt til med timian, hvidløg og oregano.<br /> <b>Tilberedning</b><br /> Ready to eat. Alle LoveMade-måltider kan nydes både kolde og varme.  Kan varmes direkte i mikrooovn i ca. 45 sek.<br /> fra 6+ måneder<br />", "info": "", "images": [{"small": "https://rema-product-images.digital.rema1000.dk/160032/1-small-nDPWJMvV9W.webp", "medium": "https://rema-product-images.digital.rema1000.dk/160032/1-medium-nDPWJMvV9W.webp", "large": "https://rema-product-images.digital.rema1000.dk/160032/1-large-nDPWJMvV9W.webp"}], "prices": [{"price": 10, "price_over_max_quantity": null, "max_quantity": null, "is_advertised": true, "is_campaign": true, "starting_at": "2025-08-17T00:00:00+00:00", "ending_at": "2025-08-23T00:00:00+00:00", "deposit": null, "compare_unit": "kg", "compare_unit_price": 54.05, "consumption_unit": null, "consumption_quantity": null}, {"price": 16.95, "price_over_max_quantity": null, "max_quantity": null, "is_advertised": false, "is_campaign": false, "starting_at": "2025-08-24T00:00:00+00:00", "ending_at": "2099-12-31T00:00:00+00:00", "deposit": null, "compare_unit": "kg", "compare_unit_price": 91.62, "consumption_unit": null, "consumption_quantity": null}], "temperature_zone": null, "is_self_scale_item": false, "is_weight_item": false, "is_available_in_all_stores": true, "is_batch_item": false}
{"id": 160033, "name": "BULGUR RISOTTO", "underline": "185 GR. / LOVEMADE", "age_limit": null, "hazard_precaution_statements": [], "labels": [{"id": 9001, "name": "Avisvare", "image": "https://static-assets.digital.rema1000.dk/product/labels/9001-64.webp"}, {"id": 5, "name": "Økologi", "image": "https://static-assets.digital.rema1000.dk/product/labels/5-64.webp"}], "description": "<b>Produktbeskrivelse</b><br /> Cremet og lækker risotto på bulgur med gulerod og græskar, smagt til med ost og rosmarin.<br /> <b>Tilberedning</b><br /> Ready to eat. Alle LoveMade-måltider kan nydes både kolde og varme.  Kan varmes direkte i mikrooovn i ca. 45 sek.<br /> Fra 8+ måneder<br />", "info": "", "images": [{"small": "https://rema-product-images.digital.rema1000.dk/160033/1-small-YLPjLz5Aqk.webp", "medium": "https://rema-product-images.digital.rema1000.dk/160033/1-medium-YLPjLz5Aqk.webp", "large": "https://rema-product-images.digital.rema1000.dk/160033/1-large-YLPjLz5Aqk.webp"}], "prices": [{"price": 10, "price_over_max_quantity": null, "max_quantity": null, "is_advertised": true, "is_campaign": true, "starting_at": "2025-08-17T00:00:00+00:00", "ending_at": "2025-08-23T00:00:00+00:00", "deposit": null, "compare_unit": "kg", "compare_unit_price": 54.05, "consumption_unit": null, "consumption_quantity": null}, {"price": 16.95, "price_over_max_quantity": null, "max_quantity": null, "is_advertised": false, "is_campaign": false, "starting_at": "2025-08-24T00:00:00+00:00", "ending_at": "2099-12-31T00:00:00+00:00", "deposit": null, "compare_unit": "kg", "compare_unit_price": 91.62, "consumption_unit": null, "consumption_quantity": null}], "temperature_zone": null, "is_self_scale_item": false, "is_weight_item": false, "is_available_in_all_stores": true, "is_batch_item": false}
{"id": 160035, "name": "LASAGNE", "underline": "185 GR. / LOVEMADE", "age_limit": null, "hazard_precaution_statements": [], "labels": [{"id": 9001, "name": "Avisvare", "image": "https://static-assets.digital.rema1000.dk/product/labels/9001-64.webp"}, {"id": 5, "name": "Økologi", "image": "https://static-assets.digital.rema1000.dk/product/labels/5-64.webp"}], "description": "<b>Produktbeskrivelse</b><br /> Cremet klassisk lasagne med durumhvede pasta, oksekød, tomat, rød peber,  gulerod og ost. Smagt til med oregano og timian.<br /> <b>Tilberedning</b><br /> Ready to eat. Alle LoveMade-måltider kan nydes både kolde og varme.  Kan varmes direkte i mikrooovn i ca. 45 sek.<br /> Fra 8+ måneder<br />", "info": "", "images": [{"small": "https://rema-product-images.digital.rema1000.dk/160035/1-small-Gb9kMZ8mo7.webp", "medium": "https://rema-product-images.digital.rema1000.dk/160035/1-medium-Gb9kMZ8mo7.webp", "large": "https://rema-product-images.digital.rema1000.dk/160035/1-large-Gb9kMZ8mo7.webp"}], "prices": [{"price": 10, "price_over_max_quantity": null, "max_quantity": null, "is_advertised": true, "is_campaign": true, "starting_at": "2025-08-17T00:00:00+00:00", "ending_at": "2025-08-23T00:00:00+00:00", "deposit": null, "compare_unit": "kg", "compare_unit_price": 54.05, "consumption_unit": null, "consumption_quantity": null}, {"price": 16.95, "price_over_max_quantity": null, "max_quantity": null, "is_advertised": false, "is_campaign": false, "starting_at": "2025-08-24T00:00:00+00:00", "ending_at": "2099-12-31T00:00:00+00:00", "deposit": null, "compare_unit": "kg", "compare_unit_price": 91.62, "consumption_unit": null, "consumption_quantity": null}], "temperature_zone": null, "is_self_scale_item": false, "is_weight_item": false, "is_available_in_all_stores": true, "is_batch_item": false}
{"id": 160036, "name": "PASTA M/GRØNTSAGER", "underline": "185 GR. / LOVEMADE", "age_limit": null, "hazard_precaution_statements": [], "labels": [{"id": 9001, "name": "Avisvare", "image": "https://static-assets.digital.rema1000.dk/product/labels/9001-64.webp"}, {"id": 5, "name": "Økologi", "image": "https://static-assets.digital.rema1000.dk/product/labels/5-64.webp"}], "description": "<b>Produktbeskrivelse</b><br /> Lækker vegetarisk ”Ratatouille” med durumhvede pasta og masser af grøntsager – squash, aubergine, gulerod og rød peber. Smagt til med ost og basilikum<br /> <b>Tilberedning</b><br /> Ready to eat. Alle LoveMade-måltider kan nydes både kolde og varme.  Kan varmes direkte i mikrooovn i ca. 45 sek.<br /> Fra 8+ måneder", "info": "", "images": [{"small": "https://rema-product-images.digital.rema1000.dk/160036/1-small-7doL5DMKq6.webp", "medium": "https://rema-product-images.digital.rema1000.dk/160036/1-medium-7doL5DMKq6.webp", "large": "https://rema-product-images.digital.rema1000.dk/160036/1-large-7doL5DMKq6.webp"}], "prices": [{"price": 10, "price_over_max_quantity": null, "max_quantity": null, "is_advertised": true, "is_campaign": true, "starting_at": "2025-08-17T00:00:00+00:00", "ending_at": "2025-08-23T00:00:00+00:00", "deposit": null, "compare_unit": "kg", "compare_unit_price": 54.05, "consumption_unit": null, "consumption_quantity": null}, {"price": 16.95, "price_over_max_quantity": null, "max_quantity": null, "is_advertised": false, "is_campaign": false, "starting_at": "2025-08-24T00:00:00+00:00", "ending_at": "2099-12-31T00:00:00+00:00", "deposit": null, "compare_unit": "kg", "compare_unit_price": 91.62, "consumption_unit": null, "consumption_quantity": null}], "temperature_zone": null, "is_self_scale_item": false, "is_weight_item": false, "is_available_in_all_stores": true, "is_batch_item": false}
{"id": 160038, "name": "RAGOUT", "underline": "185 GR. / LOVEMADE", "age_limit": null, "hazard_precaution_statements": [], "labels": [{"id": 9001, "name": "Avisvare", "image": "https://static-assets.digital.rema1000.dk/product/labels/9001-64.webp"}, {"id": 5, "name": "Økologi", "image": "https://static-assets.digital.rema1000.dk/product/labels/5-64.webp"}], "description": "<b>Produktbeskrivelse</b><br /> Smagfuld ret af kartoffel med oksekød, tomat og gulerod. Tilberedt med jomfru olivenolie og smagt til med laurbær og timian.<br /> <b>Tilberedning</b><br /> Ready to eat. Alle LoveMade-måltider kan nydes både kolde og varme.  Kan varmes direkte i mikrooovn i ca. 45 sek.<br /> Fra 8+ måneder<br />", "info": "", "images": [{"small": "https://rema-product-images.digital.rema1000.dk/160038/1-small-MBoNnW8mov.webp", "medium": "https://rema-product-images.digital.rema1000.dk/160038/1-medium-MBoNnW8mov.webp", "large": "https://rema-product-images.digital.rema1000.dk/160038/1-large-MBoNnW8mov.webp"}], "prices": [{"price": 10, "price_over_max_quantity": null, "max_quantity": null, "is_advertised": true, "is_campaign": true, "starting_at": "2025-08-17T00:00:00+00:00", "ending_at": "2025-08-23T00:00:00+00:00", "deposit": null, "compare_unit": "kg", "compare_unit_price": 54.05, "consumption_unit": null, "consumption_quantity": null}, {"price": 16.95, "price_over_max_quantity": null, "max_quantity": null, "is_advertised": false, "is_campaign": false, "starting_at": "2025-08-24T00:00:00+00:00", "ending_at": "2099-12-31T00:00:00+00:00", "deposit": null, "compare_unit": "kg", "compare_unit_price": 91.62, "consumption_unit": null, "consumption_quantity": null}], "temperature_zone": null, "is_self_scale_item": false, "is_weight_item": false, "is_available_in_all_stores": true, "is_batch_item": false}
{"id": 160040, "name": "RIS OG KYLLING I KARRY", "underline": "185 GR. / LOVEMADE", "age_limit": null, "hazard_precaution_statements": [], "labels": [{"id": 9001, "name": "Avisvare", "image": "https://static-assets.digital.rema1000.dk/product/labels/9001-64.webp"}, {"id": 5, "name": "Økologi", "image": "https://static-assets.digital.rema1000.dk/product/labels/5-64.webp"}], "description": "<b>Produktbeskrivelse</b><br /> Dejlig mild og cremet kylling i karry for de mindste – med ris og gulerod, smagt til med kokos og  ingefær.<br /> <b>Tilberedning</b><br /> Ready to eat. Alle LoveMade-måltider kan nydes både kolde og varme.  Kan varmes direkte i mikrooovn i ca. 45 sek.<br /> Fra 6+ måneder<br />", "info": "", "images": [{"small": "https://rema-product-images.digital.rema1000.dk/160040/1-small-rQqQlk7boe.webp", "medium": "https://rema-product-images.digital.rema1000.dk/160040/1-medium-rQqQlk7boe.webp", "large": "https://rema-product-images.digital.rema1000.dk/160040/1-large-rQqQlk7boe.webp"}], "prices": [{"price": 10, "price_over_max_quantity": null, "max_quantity": null, "is_advertised": true, "is_campaign": true, "starting_at": "2025-08-17T00:00:00+00:00", "ending_at": "2025-08-23T00:00:00+00:00", "deposit": null, "compare_unit": "kg", "compare_unit_price": 54.05, "consumption_unit": null, "consumption_quantity": null}, {"price": 16.95, "price_over_max_quantity": null, "max_quantity": null, "is_advertised": false, "is_campaign": false, "starting_at": "2025-08-24T00:00:00+00:00", "ending_at": "2099-12-31T00:00:00+00:00", "deposit": null, "compare_unit": "kg", "compare_unit_price": 91.62, "consumption_unit": null, "consumption_quantity": null}], "temperature_zone": null, "is_self_scale_item": false, "is_weight_item": false, "is_available_in_all_stores": true, "is_batch_item": false}
{"id": 160041, "name": "TEX MEX", "underline": "185 GR. / LOVEMADE", "age_limit": null, "hazard_precaution_statements": [], "labels": [{"id": 9001, "name": "Avisvare", "image": "https://static-assets.digital.rema1000.dk/product/labels/9001-64.webp"}, {"id": 5, "name": "Økologi", "image": "https://static-assets.digital.rema1000.dk/product/labels/5-64.webp"}], "description": "<b>Produktbeskrivelse</b><br /> Smagfuld mexicansk inspireret gryderet med kartoffel, gulerod, majs og røde kidney bønner. Smagt til med spidskommen og laurbær.<br /> <b>Tilberedning</b><br /> Ready to eat. Alle LoveMade-måltider kan nydes både kolde og varme.  Kan varmes direkte i mikrooovn i ca. 45 sek.<br /> Fra 8+ måneder<br />", "info": "", "images": [{"small": "https://rema-product-images.digital.rema1000.dk/160041/1-small-we9EOZL8og.webp", "medium": "https://rema-product-images.digital.rema1000.dk/160041/1-medium-we9EOZL8og.webp", "large": "https://rema-product-images.digital.rema1000.dk/160041/1-large-we9EOZL8og.webp"}], "prices": [{"price": 10, "price_over_max_quantity": null, "max_quantity": null, "is_advertised": true, "is_campaign": true, "starting_at": "2025-08-17T00:00:00+00:00", "ending_at": "2025-08-23T00:00:00+00:00", "deposit": null, "compare_unit": "kg", "compare_unit_price": 54.05, "consumption_unit": null, "consumption_quantity": null}, {"price": 16.95, "price_over_max_quantity": null, "max_quantity": null, "is_advertised": false, "is_campaign": false, "starting_at": "2025-08-24T00:00:00+00:00", "ending_at": "2099-12-31T00:00:00+00:00", "deposit": null, "compare_unit": "kg", "compare_unit_price": 91.62, "consumption_unit": null, "consumption_quantity": null}], "temperature_zone": null, "is_self_scale_item": false, "is_weight_item": false, "is_available_in_all_stores": true, "is_batch_item": false}
{"id": 160072, "name": "HAVREGRØD", "underline": "480 GR. / SEMPER, MILD & NATUREL", "age_limit": null, "hazard_precaution_statements": [], "labels": [{"id": 9001, "name": "Avisvare", "image": "https://static-assets.digital.rema1000.dk/product/labels/9001-64.webp"}], "description": null, "info": "", "images": [{"small": "https://rema-product-images.digital.rema1000.dk/160072/1-small-xyqajbkY9D.webp", "medium": "https://rema-product-images.digital.rema1000.dk/160072/1-medium-xyqajbkY9D.webp", "large": "https://rema-product-images.digital.rema1000.dk/160072/1-large-xyqajbkY9D.webp"}], "prices": [{"price": 49, "price_over_max_quantity": null, "max_quantity": null, "is_advertised": true, "is_campaign": true, "starting_at": "2025-08-17T00:00:00+00:00", "ending_at": "2025-08-23T00:00:00+00:00", "deposit": null, "compare_unit": "kg", "compare_unit_price": 102.08, "consumption_unit": null, "consumption_quantity": null}, {"price": 69.95, "price_over_max_quantity": null, "max_quantity": null, "is_advertised": false, "is_campaign": false, "starting_at": "2025-08-24T00:00:00+00:00", "ending_at": "2099-12-31T00:00:00+00:00", "deposit": null, "compare_unit": "kg", "compare_unit_price": 145.73, "consumption_unit": null, "consumption_quantity": null}], "temperature_zone": null, "is_self_scale_item": false, "is_weight_item": false, "is_available_in_all_stores": true, "is_batch_item": false}
{"id": 160073, "name": "FRUGTGRØD", "underline": "480 GR. / SEMPER, ÆBLE & PÆRE", "age_limit": null, "hazard_precaution_statements": [], "labels": [{"id": 9001, "name": "Avisvare", "image": "https://static-assets.digital.rema1000.dk/product/labels/9001-64.webp"}], "description": null, "info": "", "images": [{"small": "https://rema-product-images.digital.rema1000.dk/160073/1-small-pYqxnLknP1.webp", "medium": "https://rema-product-images.digital.rema1000.dk/160073/1-medium-pYqxnLknP1.webp", "large": "https://rema-product-images.digital.rema1000.dk/160073/1-large-pYqxnLknP1.webp"}], "prices": [{"price": 49, "price_over_max_quantity": null, "max_quantity": null, "is_advertised": true, "is_campaign": true, "starting_at": "2025-08-17T00:00:00+00:00", "ending_at": "2025-08-23T00:00:00+00:00", "deposit": null, "compare_unit": "kg", "compare_unit_price": 102.08, "consumption_unit": null, "consumption_quantity": null}, {"price": 69.95, "price_over_max_quantity": null, "max_quantity": null, "is_advertised": false, "is_campaign": false, "starting_at": "2025-08-24T00:00:00+00:00", "ending_at": "2099-12-31T00:00:00+00:00", "deposit": null, "compare_unit": "kg", "compare_unit_price": 145.73, "consumption_unit": null, "consumption_quantity": null}], "temperature_zone": null, "is_self_scale_item": false, "is_weight_item": false, "is_available_in_all_stores": true, "is_batch_item": false}
{"id": 160077, "name": "FLERKORNSGRØD", "underline": "480 GR. / SEMPER, MED FRUGT", "age_limit": null, "hazard_precaution_statements": [], "labels": [{"id": 9001, "name": "Avisvare", "image": "https://static-assets.digital.rema1000.dk/product/labels/9001-64.webp"}], "description": null, "info": "", "images": [{"small": "https://rema-product-images.digital.rema1000.dk/160077/1-small-YLPjLzkAqk.webp", "medium": "https://rema-product-images.digital.rema1000.dk/160077/1-medium-YLPjLzkAqk.webp", "large": "https://rema-product-images.digital.rema1000.dk/160077/1-large-YLPjLzkAqk.webp"}], "prices": [{"price": 49, "price_over_max_quantity": null, "max_quantity": null, "is_advertised": true, "is_campaign": true, "starting_at": "2025-08-17T00:00:00+00:00", "ending_at": "2025-08-23T00:00:00+00:00", "deposit": null, "compare_unit": "kg", "compare_unit_price": 102.08, "consumption_unit": null, "consumption_quantity": null}, {"price": 69.95, "price_over_max_quantity": null, "max_quantity": null, "is_advertised": false, "is_campaign": false, "starting_at": "2025-08-24T00:00:00+00:00", "ending_at": "2099-12-31T00:00:00+00:00", "deposit": null, "compare_unit": "kg", "compare_unit_price": 145.73, "consumption_unit": null, "consumption_quantity": null}], "temperature_zone": null, "is_self_scale_item": false, "is_weight_item": false, "is_available_in_all_stores": true, "is_batch_item": false}
{"id": 160080, "name": "FULDKORNSGRØD", "underline": "470 GR. / SEMPER, SVESKE & PÆRE", "age_limit": null, "hazard_precaution_statements": [], "labels": [{"id": 9001, "name": "Avisvare", "image": "https://static-assets.digital.rema1000.dk/product/labels/9001-64.webp"}], "description": null, "info": "", "images": [{"small": "https://rema-product-images.digital.rema1000.dk/160080/1-small-7doL5DbKq6.webp", "medium": "https://rema-product-images.digital.rema1000.dk/160080/1-medium-7doL5DbKq6.webp", "large": "https://rema-product-images.digital.rema1000.dk/160080/1-large-7doL5DbKq6.webp"}], "prices": [{"price": 49, "price_over_max_quantity": null, "max_quantity": null, "is_advertised": true, "is_campaign": true, "starting_at": "2025-08-17T00:00:00+00:00", "ending_at": "2025-08-23T00:00:00+00:00", "deposit": null, "compare_unit": "kg", "compare_unit_price": 104.26, "consumption_unit": null, "consumption_quantity": null}, {"price": 69.95, "price_over_max_quantity": null, "max_quantity": null, "is_advertised": false, "is_campaign": false, "starting_at": "2025-08-24T00:00:00+00:00", "ending_at": "2099-12-31T00:00:00+00:00", "deposit": null, "compare_unit": "kg", "compare_unit_price": 148.83, "consumption_unit": null, "consumption_quantity": null}], "temperature_zone": null, "is_self_scale_item": false, "is_weight_item": false, "is_available_in_all_stores": true, "is_batch_item": false}
{"id": 160108, "name": "PURÉE", "underline": "100 GR. / LOVEMADE, QUINOA & ÆBLE", "age_limit": null, "hazard_precaution_statements": [], "labels": [{"id": 9001, "name": "Avisvare", "image": "https://static-assets.digital.rema1000.dk/product/labels/9001-64.webp"}, {"id": 5, "name": "Økologi", "image": "https://static-assets.digital.rema1000.dk/product/labels/5-64.webp"}], "description": "<b>Produktbeskrivelse</b><br /> Økologisk mellemmåltid med quinoa, ærter, squash, æble, pastinak og rapsolie.<br /> Lavt sukkerindhold. Ingen juicer eller koncentrater tilsat. 100 % naturlig.<br /> <b>Tilberedning</b><br /> Ready to eat. Sådan får du den lækreste konsistens.  Ryst og klem posen før servering – for den bedste konsistens. 100 % økologisk og naturlig. <br /> fra 6+ måneder<br />", "info": "", "images": [{"small": "https://rema-product-images.digital.rema1000.dk/160108/1-small-NpP7kKzVPO.webp", "medium": "https://rema-product-images.digital.rema1000.dk/160108/1-medium-NpP7kKzVPO.webp", "large": "https://rema-product-images.digital.rema1000.dk/160108/1-large-NpP7kKzVPO.webp"}], "prices": [{"price": 10, "price_over_max_quantity": null, "max_quantity": null, "is_advertised": true, "is_campaign": true, "starting_at": "2025-08-17T00:00:00+00:00", "ending_at": "2025-08-23T00:00:00+00:00", "deposit": null, "compare_unit": "kg", "compare_unit_price": 100, "consumption_unit": null, "consumption_quantity": null}, {"price": 11.95, "price_over_max_quantity": null, "max_quantity": null, "is_advertised": false, "is_campaign": false, "starting_at": "2025-08-24T00:00:00+00:00", "ending_at": "2099-12-31T00:00:00+00:00", "deposit": null, "compare_unit": "kg", "compare_unit_price": 119.5, "consumption_unit": null, "consumption_quantity": null}], "temperature_zone": null, "is_self_scale_item": false, "is_weight_item": false, "is_available_in_all_stores": true, "is_batch_item": false}
{"id": 160109, "name": "GRØD", "underline": "100 GR. / LOVEMADE, HAVRE & ÆBLE", "age_limit": null, "hazard_precaution_statements": [], "labels": [{"id": 9001, "name": "Avisvare", "image": "https://static-assets.digital.rema1000.dk/product/labels/9001-64.webp"}, {"id": 5, "name": "Økologi", "image": "https://static-assets.digital.rema1000.dk/product/labels/5-64.webp"}], "description": "<b>Produktbeskrivelse</b><br /> Økologisk grød med havre, quinoa, pastinak, æble, ægte kanel samt rapsolie.<br /> Lavt sukkerindhold.<br /> Ingen juicer eller koncentrater tilsat.<br /> 100 % naturlig.<br /> <b>Tilberedning</b><br /> Ready to eat. Sådan får du den lækreste konsistens.  Ryst og klem posen før servering – for den bedste konsistens. 100 % økologisk og naturlig. <br /> fra 6+ måneder<br />", "info": "", "images": [{"small": "https://rema-product-images.digital.rema1000.dk/160109/1-small-aboK8xXmqp.webp", "medium": "https://rema-product-images.digital.rema1000.dk/160109/1-medium-aboK8xXmqp.webp", "large": "https://rema-product-images.digital.rema1000.dk/160109/1-large-aboK8xXmqp.webp"}], "prices": [{"price": 10, "price_over_max_quantity": null, "max_quantity": null, "is_advertised": true, "is_campaign": true, "starting_at": "2025-08-17T00:00:00+00:00", "ending_at": "2025-08-23T00:00:00+00:00", "deposit": null, "compare_unit": "kg", "compare_unit_price": 100, "consumption_unit": null, "consumption_quantity": null}, {"price": 11.95, "price_over_max_quantity": null, "max_quantity": null, "is_advertised": false, "is_campaign": false, "starting_at": "2025-08-24T00:00:00+00:00", "ending_at": "2099-12-31T00:00:00+00:00", "deposit": null, "compare_unit": "kg", "compare_unit_price": 119.5, "consumption_unit": null, "consumption_quantity": null}], "temperature_zone": null, "is_self_scale_item": false, "is_weight_item": false, "is_available_in_all_stores": true, "is_batch_item": false}
{"id": 160110, "name": "NAN PRO 1", "underline": "800 GR. / NESTLE", "age_limit": null, "hazard_precaution_statements": [], "labels": [], "description": null, "info": "", "images": [{"small": "https://rema-product-images.digital.rema1000.dk/160110/1-small-Al90WnRnq8.webp", "medium": "https://rema-product-images.digital.rema1000.dk/160110/1-medium-Al90WnRnq8.webp", "large": "https://rema-product-images.digital.rema1000.dk/160110/1-large-Al90WnRnq8.webp"}], "prices": [{"price": 119.95, "price_over_max_quantity": null, "max_quantity": null, "is_advertised": false, "is_campaign": false, "starting_at": "2023-02-09T00:00:00+00:00", "ending_at": "2099-12-31T00:00:00+00:00", "deposit": null, "compare_unit": "kg", "compare_unit_price": 149.94, "consumption_unit": null, "consumption_quantity": null}], "temperature_zone": null, "is_self_scale_item": false, "is_weight_item": false, "is_available_in_all_stores": true, "is_batch_item": false}
{"id": 160113, "name": "ÆBLE SMOOTHIE", "underline": "90 GR. / REMA 1000", "age_limit": null, "hazard_precaution_statements": [], "labels": [{"id": 2, "name": "REMA1000", "image": "https://static-assets.digital.rema1000.dk/product/labels/2-64.webp"}, {"id": 5, "name": "Økologi", "image": "https://static-assets.digital.rema1000.dk/product/labels/5-64.webp"}], "description": "<b>Til familiens mindste</b> Hos REMA 1000 vil vi gerne følges med jer hele vejen – og gennem alle livets faser. Vi tilbyder <br /> derfor en lang række baby- og børneprodukter af høj kvalitet til lave priser, så du aldrig behøver at  gå på kompromis, når det kommer til dit barn. <b>Om denne vare</b><br /> En mild, økologisk æblesmoothie lavet af 100 % frugt – perfekt som mellemmåltid både <br /> derhjemme, og når I er på tur! Smoothien er økologisk og kan serveres direkte fra klemposen eller  bruges som topping på grød eller lignende.  Anbefales til børn fra 6 måneder. <br />", "info": "", "images": [{"small": "https://rema-product-images.digital.rema1000.dk/160113/1-small-wyPbjvkZPE.webp", "medium": "https://rema-product-images.digital.rema1000.dk/160113/1-medium-wyPbjvkZPE.webp", "large": "https://rema-product-images.digital.rema1000.dk/160113/1-large-wyPbjvkZPE.webp"}], "prices": [{"price": 6, "price_over_max_quantity": null, "max_quantity": null, "is_advertised": false, "is_campaign": false, "starting_at": "2022-10-06T00:00:00+00:00", "ending_at": "2025-09-06T00:00:00+00:00", "deposit": null, "compare_unit": "kg", "compare_unit_price": 66.67, "consumption_unit": null, "consumption_quantity": null}], "temperature_zone": null, "is_self_scale_item": false, "is_weight_item": false, "is_available_in_all_stores": true, "is_batch_item": false}
{"id": 160114, "name": "MANGO SMOOTHIE", "underline": "90 GR. / REMA 1000", "age_limit": null, "hazard_precaution_statements": [], "labels": [{"id": 2, "name": "REMA1000", "image": "https://static-assets.digital.rema1000.dk/product/labels/2-64.webp"}, {"id": 5, "name": "Økologi", "image": "https://static-assets.digital.rema1000.dk/product/labels/5-64.webp"}], "description": "<b>Til familiens mindste</b> Hos REMA 1000 vil vi gerne følges med jer hele vejen – og gennem alle livets faser. Vi tilbyder <br /> derfor en lang række baby- og børneprodukter af høj kvalitet til lave priser, så du aldrig behøver at  gå på kompromis, når det kommer til dit barn. <b>Om denne vare</b><br /> En mild, økologisk smoothie lavet af 100 % frugt – perfekt som mellemmåltid både derhjemme, og <br /> når I er på tur! Smoothien er med mango, banan og æble og kan serveres direkte fra klemposen  eller bruges som topping på grød eller lignende.  Anbefales til børn fra 6 måneder. <br />", "info": "", "images": [{"small": "https://rema-product-images.digital.rema1000.dk/160114/1-small-3MovlGkm9A.webp", "medium": "https://rema-product-images.digital.rema1000.dk/160114/1-medium-3MovlGkm9A.webp", "large": "https://rema-product-images.digital.rema1000.dk/160114/1-large-3MovlGkm9A.webp"}], "prices": [{"price": 6, "price_over_max_quantity": null, "max_quantity": null, "is_advertised": false, "is_campaign": false, "starting_at": "2022-10-06T00:00:00+00:00", "ending_at": "2025-09-06T00:00:00+00:00", "deposit": null, "compare_unit": "kg", "compare_unit_price": 66.67, "consumption_unit": null, "consumption_quantity": null}], "temperature_zone": null, "is_self_scale_item": false, "is_weight_item": false, "is_available_in_all_stores": true, "is_batch_item": false}
{"id": 160115, "name": "NAN PRO 2", "underline": "800 GR. / NESTLE", "age_limit": null, "hazard_precaution_statements": [], "labels": [], "description": null, "info": "", "images": [{"small": "https://rema-product-images.digital.rema1000.dk/160115/1-small-KpqRrL6kqL.webp", "medium": "https://rema-product-images.digital.rema1000.dk/160115/1-medium-KpqRrL6kqL.webp", "large": "https://rema-product-images.digital.rema1000.dk/160115/1-large-KpqRrL6kqL.webp"}], "prices": [{"price": 119.95, "price_over_max_quantity": null, "max_quantity": null, "is_advertised": false, "is_campaign": false, "starting_at": "2023-02-09T00:00:00+00:00", "ending_at": "2099-12-31T00:00:00+00:00", "deposit": null, "compare_unit": "kg", "compare_unit_price": 149.94, "consumption_unit": null, "consumption_quantity": null}], "temperature_zone": null, "is_self_scale_item": false, "is_weight_item": false, "is_available_in_all_stores": true, "is_batch_item": false}
{"id": 160140, "name": "BLÅBÆR SMOOTHIE", "underline": "90 GR. / REMA 1000", "age_limit": null, "hazard_precaution_statements": [], "labels": [{"id": 2, "name": "REMA1000", "image": "https://static-assets.digital.rema1000.dk/product/labels/2-64.webp"}, {"id": 5, "name": "Økologi", "image": "https://static-assets.digital.rema1000.dk/product/labels/5-64.webp"}], "description": "<b>Til familiens mindste</b> Hos REMA 1000 vil vi gerne følges med jer hele vejen – og gennem alle livets faser. Vi tilbyder <br /> derfor en lang række baby- og børneprodukter af høj kvalitet til lave priser, så du aldrig behøver at  gå på kompromis, når det kommer til dit barn. <b>Om denne vare</b><br /> En mild, økologisk smoothie lavet af 100 % frugt – perfekt som mellemmåltid både derhjemme, og <br /> når I er på tur! Smoothien er med blåbær, jordbær og æble og kan serveres direkte fra klemposen  eller bruges som topping på grød eller lignende.  Anbefales til børn fra 6 måneder. <br />", "info": "", "images": [{"small": "https://rema-product-images.digital.rema1000.dk/160140/1-small-rQqQlkNEoe.webp", "medium": "https://rema-product-images.digital.rema1000.dk/160140/1-medium-rQqQlkNEoe.webp", "large": "https://rema-product-images.digital.rema1000.dk/160140/1-large-rQqQlkNEoe.webp"}], "prices": [{"price": 6, "price_over_max_quantity": null, "max_quantity": null, "is_advertised": false, "is_campaign": false, "starting_at": "2022-10-06T00:00:00+00:00", "ending_at": "2025-09-06T00:00:00+00:00", "deposit": null, "compare_unit": "kg", "compare_unit_price": 66.67, "consumption_unit": null, "consumption_quantity": null}], "temperature_zone": null, "is_self_scale_item": false, "is_weight_item": false, "is_available_in_all_stores": true, "is_batch_item": false}
{"id": 160202, "name": "BABYSEMP 1", "underline": "700 GR. / SENSISOFT", "age_limit": null, "hazard_precaution_statements": [], "labels": [], "description": null, "info": "", "images": [{"small": "https://rema-product-images.digital.rema1000.dk/160202/1-small-kAonl3wb9x.webp", "medium": "https://rema-product-images.digital.rema1000.dk/160202/1-medium-kAonl3wb9x.webp", "large": "https://rema-product-images.digital.rema1000.dk/160202/1-large-kAonl3wb9x.webp"}], "prices": [{"price": 129.95, "price_over_max_quantity": null, "max_quantity": null, "is_advertised": false, "is_campaign": false, "starting_at": "2025-02-06T00:00:00+00:00", "ending_at": "2099-12-31T00:00:00+00:00", "deposit": null, "compare_unit": "kg", "compare_unit_price": 185.64, "consumption_unit": null, "consumption_quantity": null}], "temperature_zone": null, "is_self_scale_item": false, "is_weight_item": false, "is_available_in_all_stores": true, "is_batch_item": false}
{"id": 160203, "name": "BABYSEMP 2", "underline": "700 GR. / SEMPER, SENSISOFT", "age_limit": null, "hazard_precaution_statements": [], "labels": [], "description": null, "info": "", "images": [{"small": "https://rema-product-images.digital.rema1000.dk/160203/1-small-3MoMV2N1q5.webp", "medium": "https://rema-product-images.digital.rema1000.dk/160203/1-medium-3MoMV2N1q5.webp", "large": "https://rema-product-images.digital.rema1000.dk/160203/1-large-3MoMV2N1q5.webp"}], "prices": [{"price": 129.95, "price_over_max_quantity": null, "max_quantity": null, "is_advertised": false, "is_campaign": false, "starting_at": "2025-02-06T00:00:00+00:00", "ending_at": "2099-12-31T00:00:00+00:00", "deposit": null, "compare_unit": "kg", "compare_unit_price": 185.64, "consumption_unit": null, "consumption_quantity": null}], "temperature_zone": null, "is_self_scale_item": false, "is_weight_item": false, "is_available_in_all_stores": true, "is_batch_item": false}
{"id": 160217, "name": "SVØMMEBLEER", "underline": "12 STK. / REMA 1000, 7-12 KG.", "age_limit": null, "hazard_precaution_statements": [], "labels": [{"id": 2, "name": "REMA1000", "image": "https://static-assets.digital.rema1000.dk/product/labels/2-64.webp"}, {"id": 35, "name": "Astma og Allergi", "image": "https://static-assets.digital.rema1000.dk/product/labels/35-64.webp"}], "description": "<b>Bleer fra REMA 1000</b> En god ble er vigtig for både starten på forældreskabet og ikke mindst starten på tilværelsen for den <br /> lille ny i familien. Derfor gør vi os umage med at producere bleer af høj kvalitet, der gør hverdagen lidt  nemmere for dig og din familie. <b>Om denne vare </b><br /> Bløde og behagelige svømmebleer til barnet på 7-12 kg. Bleerne er praktiske buksebleer med elastik i <br /> både talje og benudskæringer, som sikrer, at bleen sidder til og giver en ekstra sikkerhed mod lækage,  når barnet er i vandet. Vores bleer er skabt med omsorg for dit barn. Derfor er svømmebleerne  deklareret i samarbejde med Asthma Allergy Nordic og uden parfume og lotion. Husk: Bleen bør kun bruges i kortere perioder, hvor barnet er i vandet. <br />", "info": "", "images": [{"small": "https://rema-product-images.digital.rema1000.dk/160217/1-small-Z8qpla1Qq3.webp", "medium": "https://rema-product-images.digital.rema1000.dk/160217/1-medium-Z8qpla1Qq3.webp", "large": "https://rema-product-images.digital.rema1000.dk/160217/1-large-Z8qpla1Qq3.webp"}], "prices": [{"price": 32.95, "price_over_max_quantity": null, "max_quantity": null, "is_advertised": false, "is_campaign": false, "starting_at": "2022-07-07T00:00:00+00:00", "ending_at": "2099-12-31T00:00:00+00:00", "deposit": null, "compare_unit": "stk", "compare_unit_price": 2.75, "consumption_unit": null, "consumption_quantity": null}], "temperature_zone": null, "is_self_scale_item": false, "is_weight_item": false, "is_available_in_all_stores": true, "is_batch_item": false}
{"id": 160227, "name": "GRØD SMOOTHIE", "underline": "120 GR. / SEMPER, BLÅBÆR & ÆBLE", "age_limit": null, "hazard_precaution_statements": [], "labels": [], "description": null, "info": "", "images": [{"small": "https://rema-product-images.digital.rema1000.dk/160227/1-small-OW9OVjJNqg.webp", "medium": "https://rema-product-images.digital.rema1000.dk/160227/1-medium-OW9OVjJNqg.webp", "large": "https://rema-product-images.digital.rema1000.dk/160227/1-large-OW9OVjJNqg.webp"}], "prices": [{"price": 14.95, "price_over_max_quantity": null, "max_quantity": null, "is_advertised": false, "is_campaign": false, "starting_at": "2023-02-02T00:00:00+00:00", "ending_at": "2099-12-31T00:00:00+00:00", "deposit": null, "compare_unit": "kg", "compare_unit_price": 124.58, "consumption_unit": null, "consumption_quantity": null}], "temperature_zone": null, "is_self_scale_item": false, "is_weight_item": false, "is_available_in_all_stores": true, "is_batch_item": false}
{"id": 160235, "name": "NAN SENSILAC 1", "underline": "800 GR. / NESTLE, EXPERTPRO", "age_limit": null, "hazard_precaution_statements": [], "labels": [], "description": null, "info": "", "images": [{"small": "https://rema-product-images.digital.rema1000.dk/160235/1-small-Gb9kMZe4o7.webp", "medium": "https://rema-product-images.digital.rema1000.dk/160235/1-medium-Gb9kMZe4o7.webp", "large": "https://rema-product-images.digital.rema1000.dk/160235/1-large-Gb9kMZe4o7.webp"}], "prices": [{"price": 139.95, "price_over_max_quantity": null, "max_quantity": null, "is_advertised": false, "is_campaign": false, "starting_at": "2023-02-09T00:00:00+00:00", "ending_at": "2099-12-31T00:00:00+00:00", "deposit": null, "compare_unit": "kg", "compare_unit_price": 174.94, "consumption_unit": null, "consumption_quantity": null}], "temperature_zone": null, "is_self_scale_item": false, "is_weight_item": false, "is_available_in_all_stores": true, "is_batch_item": false}
{"id": 160238, "name": "BANAN SMOOTHIE", "underline": "90 GR. / REMA 1000", "age_limit": null, "hazard_precaution_statements": [], "labels": [{"id": 2, "name": "REMA1000", "image": "https://static-assets.digital.rema1000.dk/product/labels/2-64.webp"}, {"id": 5, "name": "Økologi", "image": "https://static-assets.digital.rema1000.dk/product/labels/5-64.webp"}], "description": "<b>Til familiens mindste</b> Hos REMA 1000 vil vi gerne følges med jer hele vejen – og gennem alle livets faser. Vi tilbyder <br /> derfor en lang række baby- og børneprodukter af høj kvalitet til lave priser, så du aldrig behøver at  gå på kompromis, når det kommer til dit barn. <b>Om denne vare</b><br /> En mild, økologisk smoothie lavet af 100 % frugt og grøntsager – perfekt som mellemmåltid både <br /> derhjemme, og når I er på tur! Smoothien er med banan, æble og spinat og kan serveres direkte  fra klemposen eller bruges som topping på grød eller lignende.  Anbefales til børn fra 6 måneder. <br />", "info": "", "images": [{"small": "https://rema-product-images.digital.rema1000.dk/160238/1-small-MBoNnWJDov.webp", "medium": "https://rema-product-images.digital.rema1000.dk/160238/1-medium-MBoNnWJDov.webp", "large": "https://rema-product-images.digital.rema1000.dk/160238/1-large-MBoNnWJDov.webp"}], "prices": [{"price": 6, "price_over_max_quantity": null, "max_quantity": null, "is_advertised": false, "is_campaign": false, "starting_at": "2022-10-06T00:00:00+00:00", "ending_at": "2025-09-06T00:00:00+00:00", "deposit": null, "compare_unit": "kg", "compare_unit_price": 66.67, "consumption_unit": null, "consumption_quantity": null}], "temperature_zone": null, "is_self_scale_item": false, "is_weight_item": false, "is_available_in_all_stores": true, "is_batch_item": false}
{"id": 160249, "name": "PUFFEDE MAJSSNACKS", "underline": "20 GR. / REMA 1000", "age_limit": null, "hazard_precaution_statements": [], "labels": [{"id": 2, "name": "REMA1000", "image": "https://static-assets.digital.rema1000.dk/product/labels/2-64.webp"}, {"id": 5, "name": "Økologi", "image": "https://static-assets.digital.rema1000.dk/product/labels/5-64.webp"}], "description": null, "info": "", "images": [{"small": "https://rema-product-images.digital.rema1000.dk/160249/1-small-xQq8g07goZ.webp", "medium": "https://rema-product-images.digital.rema1000.dk/160249/1-medium-xQq8g07goZ.webp", "large": "https://rema-product-images.digital.rema1000.dk/160249/1-large-xQq8g07goZ.webp"}], "prices": [{"price": 7, "price_over_max_quantity": null, "max_quantity": null, "is_advertised": false, "is_campaign": false, "starting_at": "2023-01-05T00:00:00+00:00", "ending_at": "2025-09-06T00:00:00+00:00", "deposit": null, "compare_unit": "kg", "compare_unit_price": 350, "consumption_unit": null, "consumption_quantity": null}], "temperature_zone": null, "is_self_scale_item": false, "is_weight_item": false, "is_available_in_all_stores": true, "is_batch_item": false}
{"id": 160254, "name": "SVESKE SMOOTHIE", "underline": "90 GR. / REMA 1000", "age_limit": null, "hazard_precaution_statements": [], "labels": [{"id": 2, "name": "REMA1000", "image": "https://static-assets.digital.rema1000.dk/product/labels/2-64.webp"}, {"id": 5, "name": "Økologi", "image": "https://static-assets.digital.rema1000.dk/product/labels/5-64.webp"}], "description": "<b>Til familiens mindste</b> Hos REMA 1000 vil vi gerne følges med jer hele vejen – og gennem alle livets faser. Vi tilbyder <br /> derfor en lang række baby- og børneprodukter af høj kvalitet til lave priser, så du aldrig behøver at  gå på kompromis, når det kommer til dit barn. <b>Om denne vare</b><br /> En mild, økologisk smoothie lavet af 100 % frugt – perfekt som mellemmåltid både derhjemme, og <br /> når I er på tur! Smoothien er med sveske og æble og kan serveres direkte fra klemposen eller  bruges som topping på grød eller lignende.  Anbefales til børn fra 6 måneder. <br />", "info": "", "images": [{"small": "https://rema-product-images.digital.rema1000.dk/160254/1-small-Al90WnwDq8.webp", "medium": "https://rema-product-images.digital.rema1000.dk/160254/1-medium-Al90WnwDq8.webp", "large": "https://rema-product-images.digital.rema1000.dk/160254/1-large-Al90WnwDq8.webp"}], "prices": [{"price": 6, "price_over_max_quantity": null, "max_quantity": null, "is_advertised": false, "is_campaign": false, "starting_at": "2022-10-06T00:00:00+00:00", "ending_at": "2025-09-06T00:00:00+00:00", "deposit": null, "compare_unit": "kg", "compare_unit_price": 66.67, "consumption_unit": null, "consumption_quantity": null}], "temperature_zone": null, "is_self_scale_item": false, "is_weight_item": false, "is_available_in_all_stores": true, "is_batch_item": false}
{"id": 160256, "name": "SMOOTHIE MED HAVRE", "underline": "90 GR. / REMA 1000", "age_limit": null, "hazard_precaution_statements": [], "labels": [{"id": 2, "name": "REMA1000", "image": "https://static-assets.digital.rema1000.dk/product/labels/2-64.webp"}, {"id": 5, "name": "Økologi", "image": "https://static-assets.digital.rema1000.dk/product/labels/5-64.webp"}, {"id": 38, "name": "Gluten fri", "image": "https://static-assets.digital.rema1000.dk/product/labels/38-64.webp"}], "description": "<b>Til familiens mindste</b> Hos REMA 1000 vil vi gerne følges med jer hele vejen – og gennem alle livets faser. Vi tilbyder <br /> derfor en lang række baby- og børneprodukter af høj kvalitet til lave priser, så du aldrig behøver at  gå på kompromis, når det kommer til dit barn. <b>Om denne vare</b><br /> En mild, økologisk smoothie med frugt og havre – perfekt som mellemmåltid både derhjemme, og <br /> når I er på tur! Smoothien er med banan, hindbær og æble og kan serveres direkte fra klemposen  eller bruges som topping på grød eller lignende.  Anbefales til børn fra 6 måneder. <br />", "info": "", "images": [{"small": "https://rema-product-images.digital.rema1000.dk/160256/1-small-18oXzmrJ9k.webp", "medium": "https://rema-product-images.digital.rema1000.dk/160256/1-medium-18oXzmrJ9k.webp", "large": "https://rema-product-images.digital.rema1000.dk/160256/1-large-18oXzmrJ9k.webp"}], "prices": [{"price": 6, "price_over_max_quantity": null, "max_quantity": null, "is_advertised": false, "is_campaign": false, "starting_at": "2022-10-06T00:00:00+00:00", "ending_at": "2025-09-06T00:00:00+00:00", "deposit": null, "compare_unit": "kg", "compare_unit_price": 66.67, "consumption_unit": null, "consumption_quantity": null}], "temperature_zone": null, "is_self_scale_item": false, "is_weight_item": false, "is_available_in_all_stores": true, "is_batch_item": false}
{"id": 160283, "name": "FERSKEN SMOOTHIE", "underline": "90 GR. / REMA 1000", "age_limit": null, "hazard_precaution_statements": [], "labels": [{"id": 2, "name": "REMA1000", "image": "https://static-assets.digital.rema1000.dk/product/labels/2-64.webp"}, {"id": 5, "name": "Økologi", "image": "https://static-assets.digital.rema1000.dk/product/labels/5-64.webp"}, {"id": 38, "name": "Gluten fri", "image": "https://static-assets.digital.rema1000.dk/product/labels/38-64.webp"}], "description": "<b>Til familiens mindste</b> Hos REMA 1000 vil vi gerne følges med jer hele vejen – og gennem alle livets faser. Vi tilbyder <br /> derfor en lang række baby- og børneprodukter af høj kvalitet til lave priser, så du aldrig behøver at  gå på kompromis, når det kommer til dit barn. <b>Om denne vare</b><br /> En mild, økologisk smoothie med frugt og havre – perfekt som mellemmåltid både derhjemme, og <br /> når I er på tur! Smoothien er med fersken, abrikos og æble og kan serveres direkte fra klemposen  eller bruges som topping på grød eller lignende.  Anbefales til børn fra 6 måneder. <br />", "info": "", "images": [{"small": "https://rema-product-images.digital.rema1000.dk/160283/1-small-zOPlGd3R9R.webp", "medium": "https://rema-product-images.digital.rema1000.dk/160283/1-medium-zOPlGd3R9R.webp", "large": "https://rema-product-images.digital.rema1000.dk/160283/1-large-zOPlGd3R9R.webp"}], "prices": [{"price": 6, "price_over_max_quantity": null, "max_quantity": null, "is_advertised": false, "is_campaign": false, "starting_at": "2022-10-06T00:00:00+00:00", "ending_at": "2025-09-06T00:00:00+00:00", "deposit": null, "compare_unit": "kg", "compare_unit_price": 66.67, "consumption_unit": null, "consumption_quantity": null}], "temperature_zone": null, "is_self_scale_item": false, "is_weight_item": false, "is_available_in_all_stores": true, "is_batch_item": false}
{"id": 160342, "name": "PANTS XX-LARGE", "underline": "26 STK. / REMA 1000, 18-30 KG", "age_limit": null, "hazard_precaution_statements": [], "labels": [{"id": 9001, "name": "Avisvare", "image": "https://static-assets.digital.rema1000.dk/product/labels/9001-64.webp"}, {"id": 2, "name": "REMA1000", "image": "https://static-assets.digital.rema1000.dk/product/labels/2-64.webp"}, {"id": 42, "name": "Svanemærket", "image": "https://static-assets.digital.rema1000.dk/product/labels/42-64.webp"}, {"id": 57, "name": "Ecolabel", "image": "https://static-assets.digital.rema1000.dk/product/labels/57-64.webp"}, {"id": 87, "name": "Asthma Allergy Nordic", "image": "https://static-assets.digital.rema1000.dk/product/labels/87-64.webp"}], "description": "<b>Bleer fra REMA 1000</b> En god ble er vigtig for både starten på forældreskabet og ikke mindst starten på tilværelsen for den  lille ny i familien. Derfor gør vi os umage med at producere bleer af høj kvalitet, der gør hverdagen lidt  nemmere for dig og din familie. <b>Om denne vare </b><br /> Vores bløde, ekstra absorberende buksebleer er skabt i et anatomisk design, som giver dit barn den  optimale bevægelsesfrihed – og så er de nemme for barnet selv at tage på! Vores bleer er skabt under  hensyntagen til miljø og ikke mindst dit barn. Derfor er bleerne svanemærkede og deklareret i samarbejde med Asthma Allergy Nordic og uden parfume og lotion. Disse XX-LARGE PANTS passer til et barn på 18-30 kg. ", "info": "", "images": [{"small": "https://rema-product-images.digital.rema1000.dk/160342/1-small-A4Py0JEA9L.webp", "medium": "https://rema-product-images.digital.rema1000.dk/160342/1-medium-A4Py0JEA9L.webp", "large": "https://rema-product-images.digital.rema1000.dk/160342/1-large-A4Py0JEA9L.webp"}], "prices": [{"price": 54, "price_over_max_quantity": 54.95, "max_quantity": 6, "is_advertised": true, "is_campaign": true, "starting_at": "2025-08-17T00:00:00+00:00", "ending_at": "2025-08-23T00:00:00+00:00", "deposit": null, "compare_unit": "stk", "compare_unit_price": 2.08, "consumption_unit": null, "consumption_quantity": null}, {"price": 54.95, "price_over_max_quantity": null, "max_quantity": null, "is_advertised": false, "is_campaign": false, "starting_at": "2025-08-24T00:00:00+00:00", "ending_at": "2099-12-31T00:00:00+00:00", "deposit": null, "compare_unit": "stk", "compare_unit_price": 2.11, "consumption_unit": null, "consumption_quantity": null}], "temperature_zone": null, "is_self_scale_item": false, "is_weight_item": false, "is_available_in_all_stores": true, "is_batch_item": false}
{"id": 160354, "name": "SUPREME 1", "underline": "800 GR. / NAN", "age_limit": null, "hazard_precaution_statements": [], "labels": [], "description": null, "info": "", "images": [{"small": "https://rema-product-images.digital.rema1000.dk/160354/1-small-Al90Wn5Bq8.webp", "medium": "https://rema-product-images.digital.rema1000.dk/160354/1-medium-Al90Wn5Bq8.webp", "large": "https://rema-product-images.digital.rema1000.dk/160354/1-large-Al90Wn5Bq8.webp"}], "prices": [{"price": 199, "price_over_max_quantity": null, "max_quantity": null, "is_advertised": false, "is_campaign": false, "starting_at": "2024-07-03T00:00:00+00:00", "ending_at": "2099-12-31T00:00:00+00:00", "deposit": null, "compare_unit": "kg", "compare_unit_price": 248.75, "consumption_unit": null, "consumption_quantity": null}], "temperature_zone": null, "is_self_scale_item": false, "is_weight_item": false, "is_available_in_all_stores": true, "is_batch_item": false}
{"id": 160362, "name": "SMOOTHIE MANGO", "underline": "90 GR. / REMA 1000", "age_limit": null, "hazard_precaution_statements": [], "labels": [{"id": 2, "name": "REMA1000", "image": "https://static-assets.digital.rema1000.dk/product/labels/2-64.webp"}, {"id": 5, "name": "Økologi", "image": "https://static-assets.digital.rema1000.dk/product/labels/5-64.webp"}], "description": null, "info": "", "images": [{"small": "https://rema-product-images.digital.rema1000.dk/160362/1-small-2B943r7Gqk.webp", "medium": "https://rema-product-images.digital.rema1000.dk/160362/1-medium-2B943r7Gqk.webp", "large": "https://rema-product-images.digital.rema1000.dk/160362/1-large-2B943r7Gqk.webp"}], "prices": [{"price": 6, "price_over_max_quantity": null, "max_quantity": null, "is_advertised": false, "is_campaign": false, "starting_at": "2025-06-05T00:00:00+00:00", "ending_at": "2025-09-06T00:00:00+00:00", "deposit": null, "compare_unit": "kg", "compare_unit_price": 66.67, "consumption_unit": null, "consumption_quantity": null}], "temperature_zone": null, "is_self_scale_item": false, "is_weight_item": false, "is_available_in_all_stores": true, "is_batch_item": false}
{"id": 160364, "name": "GODNAT GRØD", "underline": "480 GR. / SEMPER", "age_limit": null, "hazard_precaution_statements": [], "labels": [{"id": 9001, "name": "Avisvare", "image": "https://static-assets.digital.rema1000.dk/product/labels/9001-64.webp"}], "description": null, "info": "", "images": [{"small": "https://rema-product-images.digital.rema1000.dk/160364/1-small-AKqebpYR9p.webp", "medium": "https://rema-product-images.digital.rema1000.dk/160364/1-medium-AKqebpYR9p.webp", "large": "https://rema-product-images.digital.rema1000.dk/160364/1-large-AKqebpYR9p.webp"}], "prices": [{"price": 49, "price_over_max_quantity": null, "max_quantity": null, "is_advertised": true, "is_campaign": true, "starting_at": "2025-08-17T00:00:00+00:00", "ending_at": "2025-08-23T00:00:00+00:00", "deposit": null, "compare_unit": "kg", "compare_unit_price": 102.08, "consumption_unit": null, "consumption_quantity": null}, {"price": 69.95, "price_over_max_quantity": null, "max_quantity": null, "is_advertised": false, "is_campaign": false, "starting_at": "2025-08-24T00:00:00+00:00", "ending_at": "2099-12-31T00:00:00+00:00", "deposit": null, "compare_unit": "kg", "compare_unit_price": 145.73, "consumption_unit": null, "consumption_quantity": null}], "temperature_zone": null, "is_self_scale_item": false, "is_weight_item": false, "is_available_in_all_stores": true, "is_batch_item": false}
{"id": 160365, "name": "SUT 0-6 MDR. DRENG", "underline": "3 STK. / BJØRNEKRAM, LATEX", "age_limit": null, "hazard_precaution_statements": [], "labels": [{"id": 9001, "name": "Avisvare", "image": "https://static-assets.digital.rema1000.dk/product/labels/9001-64.webp"}], "description": null, "info": "", "images": [{"small": "https://rema-product-images.digital.rema1000.dk/160365/1-small-bJ9Ya8KA9L.webp", "medium": "https://rema-product-images.digital.rema1000.dk/160365/1-medium-bJ9Ya8KA9L.webp", "large": "https://rema-product-images.digital.rema1000.dk/160365/1-large-bJ9Ya8KA9L.webp"}], "prices": [{"price": 29, "price_over_max_quantity": null, "max_quantity": null, "is_advertised": true, "is_campaign": true, "starting_at": "2025-08-17T00:00:00+00:00", "ending_at": "2025-08-23T00:00:00+00:00", "deposit": null, "compare_unit": "stk", "compare_unit_price": 9.67, "consumption_unit": null, "consumption_quantity": null}, {"price": 39, "price_over_max_quantity": null, "max_quantity": null, "is_advertised": false, "is_campaign": false, "starting_at": "2025-08-24T00:00:00+00:00", "ending_at": "2099-12-31T00:00:00+00:00", "deposit": null, "compare_unit": "stk", "compare_unit_price": 13, "consumption_unit": null, "consumption_quantity": null}], "temperature_zone": null, "is_self_scale_item": false, "is_weight_item": false, "is_available_in_all_stores": true, "is_batch_item": false}
{"id": 160366, "name": "SUT 6+ MDR DRENG", "underline": "3 STK. / BJØRNEKRAM, LATEX", "age_limit": null, "hazard_precaution_statements": [], "labels": [{"id": 9001, "name": "Avisvare", "image": "https://static-assets.digital.rema1000.dk/product/labels/9001-64.webp"}], "description": null, "info": "", "images": [{"small": "https://rema-product-images.digital.rema1000.dk/160366/1-small-pyozdwEk9X.webp", "medium": "https://rema-product-images.digital.rema1000.dk/160366/1-medium-pyozdwEk9X.webp", "large": "https://rema-product-images.digital.rema1000.dk/160366/1-large-pyozdwEk9X.webp"}], "prices": [{"price": 29, "price_over_max_quantity": null, "max_quantity": null, "is_advertised": true, "is_campaign": true, "starting_at": "2025-08-17T00:00:00+00:00", "ending_at": "2025-08-23T00:00:00+00:00", "deposit": null, "compare_unit": "stk", "compare_unit_price": 9.67, "consumption_unit": null, "consumption_quantity": null}, {"price": 39, "price_over_max_quantity": null, "max_quantity": null, "is_advertised": false, "is_campaign": false, "starting_at": "2025-08-24T00:00:00+00:00", "ending_at": "2099-12-31T00:00:00+00:00", "deposit": null, "compare_unit": "stk", "compare_unit_price": 13, "consumption_unit": null, "consumption_quantity": null}], "temperature_zone": null, "is_self_scale_item": false, "is_weight_item": false, "is_available_in_all_stores": true, "is_batch_item": false}
{"id": 160367, "name": "SUT 0-6 MDR. PIGE", "underline": "3 STK. / BJØRNEKRAM, LATEX", "age_limit": null, "hazard_precaution_statements": [], "labels": [{"id": 9001, "name": "Avisvare", "image": "https://static-assets.digital.rema1000.dk/product/labels/9001-64.webp"}], "description": null, "info": "", "images": [{"small": "https://rema-product-images.digital.rema1000.dk/160367/1-small-MNqZnr0BqA.webp", "medium": "https://rema-product-images.digital.rema1000.dk/160367/1-medium-MNqZnr0BqA.webp", "large": "https://rema-product-images.digital.rema1000.dk/160367/1-large-MNqZnr0BqA.webp"}], "prices": [{"price": 29, "price_over_max_quantity": null, "max_quantity": null, "is_advertised": true, "is_campaign": true, "starting_at": "2025-08-17T00:00:00+00:00", "ending_at": "2025-08-23T00:00:00+00:00", "deposit": null, "compare_unit": "stk", "compare_unit_price": 9.67, "consumption_unit": null, "consumption_quantity": null}, {"price": 39, "price_over_max_quantity": null, "max_quantity": null, "is_advertised": false, "is_campaign": false, "starting_at": "2025-08-24T00:00:00+00:00", "ending_at": "2099-12-31T00:00:00+00:00", "deposit": null, "compare_unit": "stk", "compare_unit_price": 13, "consumption_unit": null, "consumption_quantity": null}], "temperature_zone": null, "is_self_scale_item": false, "is_weight_item": false, "is_available_in_all_stores": true, "is_batch_item": false}
{"id": 160368, "name": "SUT 6+ MDR PIGE", "underline": "3 STK. / BJØRNEKRAM, LATEX", "age_limit": null, "hazard_precaution_statements": [], "labels": [{"id": 9001, "name": "Avisvare", "image": "https://static-assets.digital.rema1000.dk/product/labels/9001-64.webp"}], "description": null, "info": "", "images": [{"small": "https://rema-product-images.digital.rema1000.dk/160368/1-small-vXodjAez93.webp", "medium": "https://rema-product-images.digital.rema1000.dk/160368/1-medium-vXodjAez93.webp", "large": "https://rema-product-images.digital.rema1000.dk/160368/1-large-vXodjAez93.webp"}], "prices": [{"price": 29, "price_over_max_quantity": null, "max_quantity": null, "is_advertised": true, "is_campaign": true, "starting_at": "2025-08-17T00:00:00+00:00", "ending_at": "2025-08-23T00:00:00+00:00", "deposit": null, "compare_unit": "stk", "compare_unit_price": 9.67, "consumption_unit": null, "consumption_quantity": null}, {"price": 39, "price_over_max_quantity": null, "max_quantity": null, "is_advertised": false, "is_campaign": false, "starting_at": "2025-08-24T00:00:00+00:00", "ending_at": "2099-12-31T00:00:00+00:00", "deposit": null, "compare_unit": "stk", "compare_unit_price": 13, "consumption_unit": null, "consumption_quantity": null}], "temperature_zone": null, "is_self_scale_item": false, "is_weight_item": false, "is_available_in_all_stores": true, "is_batch_item": false}
{"id": 160369, "name": "NAT SUT 0-6 MDR.", "underline": "3 STK. / BJØRNEKRAM, LATEX", "age_limit": null, "hazard_precaution_statements": [], "labels": [{"id": 9001, "name": "Avisvare", "image": "https://static-assets.digital.rema1000.dk/product/labels/9001-64.webp"}], "description": null, "info": "", "images": [{"small": "https://rema-product-images.digital.rema1000.dk/160369/1-small-Ea91ZM8aPz.webp", "medium": "https://rema-product-images.digital.rema1000.dk/160369/1-medium-Ea91ZM8aPz.webp", "large": "https://rema-product-images.digital.rema1000.dk/160369/1-large-Ea91ZM8aPz.webp"}], "prices": [{"price": 29, "price_over_max_quantity": null, "max_quantity": null, "is_advertised": true, "is_campaign": true, "starting_at": "2025-08-17T00:00:00+00:00", "ending_at": "2025-08-23T00:00:00+00:00", "deposit": null, "compare_unit": "stk", "compare_unit_price": 9.67, "consumption_unit": null, "consumption_quantity": null}, {"price": 39, "price_over_max_quantity": null, "max_quantity": null, "is_advertised": false, "is_campaign": false, "starting_at": "2025-08-24T00:00:00+00:00", "ending_at": "2099-12-31T00:00:00+00:00", "deposit": null, "compare_unit": "stk", "compare_unit_price": 13, "consumption_unit": null, "consumption_quantity": null}], "temperature_zone": null, "is_self_scale_item": false, "is_weight_item": false, "is_available_in_all_stores": true, "is_batch_item": false}
{"id": 160370, "name": "NAT SUT 6+ MDR", "underline": "3 STK. / BJØRNEKRAM, LATEX", "age_limit": null, "hazard_precaution_statements": [], "labels": [{"id": 9001, "name": "Avisvare", "image": "https://static-assets.digital.rema1000.dk/product/labels/9001-64.webp"}], "description": null, "info": "", "images": [{"small": "https://rema-product-images.digital.rema1000.dk/160370/1-small-kOq3b8gMo6.webp", "medium": "https://rema-product-images.digital.rema1000.dk/160370/1-medium-kOq3b8gMo6.webp", "large": "https://rema-product-images.digital.rema1000.dk/160370/1-large-kOq3b8gMo6.webp"}], "prices": [{"price": 29, "price_over_max_quantity": null, "max_quantity": null, "is_advertised": true, "is_campaign": true, "starting_at": "2025-08-17T00:00:00+00:00", "ending_at": "2025-08-23T00:00:00+00:00", "deposit": null, "compare_unit": "stk", "compare_unit_price": 9.67, "consumption_unit": null, "consumption_quantity": null}, {"price": 39, "price_over_max_quantity": null, "max_quantity": null, "is_advertised": false, "is_campaign": false, "starting_at": "2025-08-24T00:00:00+00:00", "ending_at": "2099-12-31T00:00:00+00:00", "deposit": null, "compare_unit": "stk", "compare_unit_price": 13, "consumption_unit": null, "consumption_quantity": null}], "temperature_zone": null, "is_self_scale_item": false, "is_weight_item": false, "is_available_in_all_stores": true, "is_batch_item": false}
{"id": 160371, "name": "SUT 0-6 MDR.", "underline": "3 STK. / BJØRNEKRAM, LATEX", "age_limit": null, "hazard_precaution_statements": [], "labels": [{"id": 9001, "name": "Avisvare", "image": "https://static-assets.digital.rema1000.dk/product/labels/9001-64.webp"}], "description": null, "info": "", "images": [{"small": "https://rema-product-images.digital.rema1000.dk/160371/1-small-OW9OVjkYqg.webp", "medium": "https://rema-product-images.digital.rema1000.dk/160371/1-medium-OW9OVjkYqg.webp", "large": "https://rema-product-images.digital.rema1000.dk/160371/1-large-OW9OVjkYqg.webp"}], "prices": [{"price": 29, "price_over_max_quantity": null, "max_quantity": null, "is_advertised": true, "is_campaign": true, "starting_at": "2025-08-17T00:00:00+00:00", "ending_at": "2025-08-23T00:00:00+00:00", "deposit": null, "compare_unit": "stk", "compare_unit_price": 9.67, "consumption_unit": null, "consumption_quantity": null}, {"price": 39, "price_over_max_quantity": null, "max_quantity": null, "is_advertised": false, "is_campaign": false, "starting_at": "2025-08-24T00:00:00+00:00", "ending_at": "2099-12-31T00:00:00+00:00", "deposit": null, "compare_unit": "stk", "compare_unit_price": 13, "consumption_unit": null, "consumption_quantity": null}], "temperature_zone": null, "is_self_scale_item": false, "is_weight_item": false, "is_available_in_all_stores": true, "is_batch_item": false}
{"id": 160372, "name": "SUT 6+ MDR", "underline": "3 STK. / BJØRNEKRAM, LATEX", "age_limit": null, "hazard_precaution_statements": [], "labels": [{"id": 9001, "name": "Avisvare", "image": "https://static-assets.digital.rema1000.dk/product/labels/9001-64.webp"}], "description": null, "info": "", "images": [{"small": "https://rema-product-images.digital.rema1000.dk/160372/1-small-xyqajbpp9D.webp", "medium": "https://rema-product-images.digital.rema1000.dk/160372/1-medium-xyqajbpp9D.webp", "large": "https://rema-product-images.digital.rema1000.dk/160372/1-large-xyqajbpp9D.webp"}], "prices": [{"price": 29, "price_over_max_quantity": null, "max_quantity": null, "is_advertised": true, "is_campaign": true, "starting_at": "2025-08-17T00:00:00+00:00", "ending_at": "2025-08-23T00:00:00+00:00", "deposit": null, "compare_unit": "stk", "compare_unit_price": 9.67, "consumption_unit": null, "consumption_quantity": null}, {"price": 39, "price_over_max_quantity": null, "max_quantity": null, "is_advertised": false, "is_campaign": false, "starting_at": "2025-08-24T00:00:00+00:00", "ending_at": "2099-12-31T00:00:00+00:00", "deposit": null, "compare_unit": "stk", "compare_unit_price": 13, "consumption_unit": null, "consumption_quantity": null}], "temperature_zone": null, "is_self_scale_item": false, "is_weight_item": false, "is_available_in_all_stores": true, "is_batch_item": false}
{"id": 160758, "name": "NYFØDT BLEER", "underline": "28 STK. / REMA 1000, 2-4 KG", "age_limit": null, "hazard_precaution_statements": [], "labels": [{"id": 9001, "name": "Avisvare", "image": "https://static-assets.digital.rema1000.dk/product/labels/9001-64.webp"}, {"id": 2, "name": "REMA1000", "image": "https://static-assets.digital.rema1000.dk/product/labels/2-64.webp"}, {"id": 42, "name": "Svanemærket", "image": "https://static-assets.digital.rema1000.dk/product/labels/42-64.webp"}, {"id": 57, "name": "Ecolabel", "image": "https://static-assets.digital.rema1000.dk/product/labels/57-64.webp"}, {"id": 87, "name": "Asthma Allergy Nordic", "image": "https://static-assets.digital.rema1000.dk/product/labels/87-64.webp"}], "description": "<b>Bleer fra REMA 1000</b> En god ble er vigtig for både starten på forældreskabet og ikke mindst starten på tilværelsen for den <br /> lille ny i familien. Derfor gør vi os umage med at producere bleer af høj kvalitet, der gør hverdagen lidt  nemmere for dig og din familie. <b>Om denne vare </b><br /> Vores bløde, ekstra absorberende bleer er skabt i et anatomisk design, som giver dit barn den <br /> optimale bevægelsesfrihed – det perfekte udgangspunkt for at gå på opdagelse i verden! Disse MINI  BLEER passer til det helt nyfødte barn på 2-4 kg.  Bleerne er med vådindikator, der viser dig, hvornår det er tid til et bleskift, samt en praktisk lukketape som nemt kan åbnes og lukkes flere gange, hvis man vil tjekke om barnet er tørt. Vores bleer er skabt  under hensyntagen til miljø og ikke mindst dit barn. Derfor er bleerne svanemærkede og deklareret i  samarbejde med Asthma Allergy Nordic og uden parfume og lotion.", "info": "", "images": [{"small": "https://rema-product-images.digital.rema1000.dk/160758/1-small-3Movl0l49A.webp", "medium": "https://rema-product-images.digital.rema1000.dk/160758/1-medium-3Movl0l49A.webp", "large": "https://rema-product-images.digital.rema1000.dk/160758/1-large-3Movl0l49A.webp"}], "prices": [{"price": 20, "price_over_max_quantity": null, "max_quantity": null, "is_advertised": true, "is_campaign": true, "starting_at": "2025-08-17T00:00:00+00:00", "ending_at": "2025-08-23T00:00:00+00:00", "deposit": null, "compare_unit": "stk", "compare_unit_price": 0.71, "consumption_unit": null, "consumption_quantity": null}, {"price": 24.95, "price_over_max_quantity": null, "max_quantity": null, "is_advertised": false, "is_campaign": false, "starting_at": "2025-08-24T00:00:00+00:00", "ending_at": "2099-12-31T00:00:00+00:00", "deposit": null, "compare_unit": "stk", "compare_unit_price": 0.89, "consumption_unit": null, "consumption_quantity": null}], "temperature_zone": null, "is_self_scale_item": false, "is_weight_item": false, "is_available_in_all_stores": true, "is_batch_item": false}
{"id": 160759, "name": "MINI BLEER", "underline": "28 STK. / REMA 1000, 3-6 KG", "age_limit": null, "hazard_precaution_statements": [], "labels": [{"id": 9001, "name": "Avisvare", "image": "https://static-assets.digital.rema1000.dk/product/labels/9001-64.webp"}, {"id": 2, "name": "REMA1000", "image": "https://static-assets.digital.rema1000.dk/product/labels/2-64.webp"}, {"id": 42, "name": "Svanemærket", "image": "https://static-assets.digital.rema1000.dk/product/labels/42-64.webp"}, {"id": 57, "name": "Ecolabel", "image": "https://static-assets.digital.rema1000.dk/product/labels/57-64.webp"}, {"id": 87, "name": "Asthma Allergy Nordic", "image": "https://static-assets.digital.rema1000.dk/product/labels/87-64.webp"}], "description": "<b>Bleer fra REMA 1000</b> En god ble er vigtig for både starten på forældreskabet og ikke mindst starten på tilværelsen for den<br /> lille ny i familien. Derfor gør vi os umage med at producere bleer af høj kvalitet, der gør hverdagen lidt  nemmere for dig og din familie. <b>Om denne vare </b><br /> Vores bløde, ekstra absorberende bleer er skabt i et anatomisk design, som giver dit barn den <br /> optimale bevægelsesfrihed – det perfekte udgangspunkt for at gå på opdagelse i verden! Disse MINI  BLEER passer til et barn på 3-6 kg.  Bleerne er med vådindikator, der viser dig, hvornår det er tid til et bleskift, samt en praktisk lukketape,  som nemt kan åbnes og lukkes flere gange, hvis man vil tjekke om barnet er tørt. Vores bleer er skabt  under hensyntagen til miljø og ikke mindst dit barn. Derfor er bleerne svanemærkede og deklareret i  samarbejde med Asthma Allergy Nordic og uden parfume og lotion.", "info": "", "images": [{"small": "https://rema-product-images.digital.rema1000.dk/160759/1-small-KpqRrbr3qL.webp", "medium": "https://rema-product-images.digital.rema1000.dk/160759/1-medium-KpqRrbr3qL.webp", "large": "https://rema-product-images.digital.rema1000.dk/160759/1-large-KpqRrbr3qL.webp"}], "prices": [{"price": 20, "price_over_max_quantity": null, "max_quantity": null, "is_advertised": true, "is_campaign": true, "starting_at": "2025-08-17T00:00:00+00:00", "ending_at": "2025-08-23T00:00:00+00:00", "deposit": null, "compare_unit": "stk", "compare_unit_price": 0.71, "consumption_unit": null, "consumption_quantity": null}, {"price": 24.95, "price_over_max_quantity": null, "max_quantity": null, "is_advertised": false, "is_campaign": false, "starting_at": "2025-08-24T00:00:00+00:00", "ending_at": "2099-12-31T00:00:00+00:00", "deposit": null, "compare_unit": "stk", "compare_unit_price": 0.89, "consumption_unit": null, "consumption_quantity": null}], "temperature_zone": null, "is_self_scale_item": false, "is_weight_item": false, "is_available_in_all_stores": true, "is_batch_item": false}
{"id": 160760, "name": "MIDI BLEER", "underline": "56 STK. / REMA 1000, 5-9 KG", "age_limit": null, "hazard_precaution_statements": [], "labels": [{"id": 9001, "name": "Avisvare", "image": "https://static-assets.digital.rema1000.dk/product/labels/9001-64.webp"}, {"id": 2, "name": "REMA1000", "image": "https://static-assets.digital.rema1000.dk/product/labels/2-64.webp"}, {"id": 42, "name": "Svanemærket", "image": "https://static-assets.digital.rema1000.dk/product/labels/42-64.webp"}, {"id": 57, "name": "Ecolabel", "image": "https://static-assets.digital.rema1000.dk/product/labels/57-64.webp"}, {"id": 87, "name": "Asthma Allergy Nordic", "image": "https://static-assets.digital.rema1000.dk/product/labels/87-64.webp"}], "description": "<b>Bleer fra REMA 1000</b> En god ble er vigtig for både starten på forældreskabet og ikke mindst starten på tilværelsen for den <br /> lille ny i familien. Derfor gør vi os umage med at producere bleer af høj kvalitet, der gør hverdagen lidt  nemmere for dig og din familie. <b>Om denne vare </b><br /> Vores bløde, ekstra absorberende bleer er skabt i et anatomisk design, som giver dit barn den <br /> optimale bevægelsesfrihed – det perfekte udgangspunkt for at gå på opdagelse i verden! Disse MIDI  BLEER passer til et barn på 5-9 kg.  Bleerne er med vådindikator, der viser dig, hvornår det er tid til et bleskift, samt en praktisk lukketape,  som nemt kan åbnes og lukkes flere gange, hvis man vil tjekke om barnet er tørt. Vores bleer er skabt  under hensyntagen til miljø og ikke mindst dit barn. Derfor er bleerne svanemærkede og deklareret i  samarbejde med Asthma Allergy Nordic og uden parfume og lotion.", "info": "", "images": [{"small": "https://rema-product-images.digital.rema1000.dk/160760/1-small-6xqAzkzE9D.webp", "medium": "https://rema-product-images.digital.rema1000.dk/160760/1-medium-6xqAzkzE9D.webp", "large": "https://rema-product-images.digital.rema1000.dk/160760/1-large-6xqAzkzE9D.webp"}], "prices": [{"price": 54, "price_over_max_quantity": 54.95, "max_quantity": 6, "is_advertised": true, "is_campaign": true, "starting_at": "2025-08-17T00:00:00+00:00", "ending_at": "2025-08-23T00:00:00+00:00", "deposit": null, "compare_unit": "stk", "compare_unit_price": 0.96, "consumption_unit": null, "consumption_quantity": null}, {"price": 54.95, "price_over_max_quantity": null, "max_quantity": null, "is_advertised": false, "is_campaign": false, "starting_at": "2025-08-24T00:00:00+00:00", "ending_at": "2099-12-31T00:00:00+00:00", "deposit": null, "compare_unit": "stk", "compare_unit_price": 0.98, "consumption_unit": null, "consumption_quantity": null}], "temperature_zone": null, "is_self_scale_item": false, "is_weight_item": false, "is_available_in_all_stores": true, "is_batch_item": false}
{"id": 160765, "name": "MAXI BLEER", "underline": "50 STK. / REMA 1000, 7-16 KG", "age_limit": null, "hazard_precaution_statements": [], "labels": [{"id": 9001, "name": "Avisvare", "image": "https://static-assets.digital.rema1000.dk/product/labels/9001-64.webp"}, {"id": 2, "name": "REMA1000", "image": "https://static-assets.digital.rema1000.dk/product/labels/2-64.webp"}, {"id": 42, "name": "Svanemærket", "image": "https://static-assets.digital.rema1000.dk/product/labels/42-64.webp"}, {"id": 57, "name": "Ecolabel", "image": "https://static-assets.digital.rema1000.dk/product/labels/57-64.webp"}, {"id": 87, "name": "Asthma Allergy Nordic", "image": "https://static-assets.digital.rema1000.dk/product/labels/87-64.webp"}], "description": "<b>Bleer fra REMA 1000</b> En god ble er vigtig for både starten på forældreskabet og ikke mindst starten på tilværelsen for den <br /> lille ny i familien. Derfor gør vi os umage med at producere bleer af høj kvalitet, der gør hverdagen lidt  nemmere for dig og din familie. <b>Om denne vare </b><br /> Vores bløde, ekstra absorberende bleer er skabt i et anatomisk design, som giver dit barn den <br /> optimale bevægelsesfrihed – det perfekte udgangspunkt for at gå på opdagelse i verden! Disse MAXI  BLEER passer til et barn på 7-16 kg.  Bleerne er med vådindikator, der viser dig, hvornår det er tid til et bleskift, samt en praktisk lukketape,  som nemt kan åbnes og lukkes flere gange, hvis man vil tjekke om barnet er tørt. Vores bleer er skabt  under hensyntagen til miljø og ikke mindst dit barn. Derfor er bleerne svanemærkede og deklareret i  samarbejde med Asthma Allergy Nordic og uden parfume og lotion.", "info": "", "images": [{"small": "https://rema-product-images.digital.rema1000.dk/160765/1-small-bJ9Yaean9L.webp", "medium": "https://rema-product-images.digital.rema1000.dk/160765/1-medium-bJ9Yaean9L.webp", "large": "https://rema-product-images.digital.rema1000.dk/160765/1-large-bJ9Yaean9L.webp"}], "prices": [{"price": 54, "price_over_max_quantity": 59.95, "max_quantity": 6, "is_advertised": true, "is_campaign": true, "starting_at": "2025-08-17T00:00:00+00:00", "ending_at": "2025-08-23T00:00:00+00:00", "deposit": null, "compare_unit": "stk", "compare_unit_price": 1.08, "consumption_unit": null, "consumption_quantity": null}, {"price": 59.95, "price_over_max_quantity": null, "max_quantity": null, "is_advertised": false, "is_campaign": false, "starting_at": "2025-08-24T00:00:00+00:00", "ending_at": "2099-12-31T00:00:00+00:00", "deposit": null, "compare_unit": "stk", "compare_unit_price": 1.2, "consumption_unit": null, "consumption_quantity": null}], "temperature_zone": null, "is_self_scale_item": false, "is_weight_item": false, "is_available_in_all_stores": true, "is_batch_item": false}
{"id": 160770, "name": "JUNIOR BLEER", "underline": "44 STK. / REMA 1000, 12-25 KG", "age_limit": null, "hazard_precaution_statements": [], "labels": [{"id": 9001, "name": "Avisvare", "image": "https://static-assets.digital.rema1000.dk/product/labels/9001-64.webp"}, {"id": 2, "name": "REMA1000", "image": "https://static-assets.digital.rema1000.dk/product/labels/2-64.webp"}, {"id": 42, "name": "Svanemærket", "image": "https://static-assets.digital.rema1000.dk/product/labels/42-64.webp"}, {"id": 57, "name": "Ecolabel", "image": "https://static-assets.digital.rema1000.dk/product/labels/57-64.webp"}, {"id": 87, "name": "Asthma Allergy Nordic", "image": "https://static-assets.digital.rema1000.dk/product/labels/87-64.webp"}], "description": "<b>Bleer fra REMA 1000</b> En god ble er vigtig for både starten på forældreskabet og ikke mindst starten på tilværelsen for den <br /> lille ny i familien. Derfor gør vi os umage med at producere bleer af høj kvalitet, der gør hverdagen lidt <br /> nemmere for dig og din familie.<br /> <b>Om denne vare </b><br /> Vores bløde, ekstra absorberende bleer er skabt i et anatomisk design, som giver dit barn den <br /> optimale bevægelsesfrihed – det perfekte udgangspunkt for at gå på opdagelse i verden! Disse  JUNIOR BLEER passer til et barn på 12-25 kg.  Bleerne er med vådindikator, der viser dig, hvornår det er tid til et bleskift, samt en praktisk lukketape,  som nemt kan åbnes og lukkes flere gange, hvis man vil tjekke om barnet er tørt. Vores bleer er skabt  under hensyntagen til miljø og ikke mindst dit barn. Derfor er bleerne svanemærkede og deklareret i  samarbejde med Asthma Allergy Nordic og uden parfume og lotion.", "info": "", "images": [{"small": "https://rema-product-images.digital.rema1000.dk/160770/1-small-kOq3bYb8o6.webp", "medium": "https://rema-product-images.digital.rema1000.dk/160770/1-medium-kOq3bYb8o6.webp", "large": "https://rema-product-images.digital.rema1000.dk/160770/1-large-kOq3bYb8o6.webp"}], "prices": [{"price": 54, "price_over_max_quantity": 59.95, "max_quantity": 6, "is_advertised": true, "is_campaign": true, "starting_at": "2025-08-17T00:00:00+00:00", "ending_at": "2025-08-23T00:00:00+00:00", "deposit": null, "compare_unit": "stk", "compare_unit_price": 1.23, "consumption_unit": null, "consumption_quantity": null}, {"price": 59.95, "price_over_max_quantity": null, "max_quantity": null, "is_advertised": false, "is_campaign": false, "starting_at": "2025-08-24T00:00:00+00:00", "ending_at": "2099-12-31T00:00:00+00:00", "deposit": null, "compare_unit": "stk", "compare_unit_price": 1.36, "consumption_unit": null, "consumption_quantity": null}], "temperature_zone": null, "is_self_scale_item": false, "is_weight_item": false, "is_available_in_all_stores": true, "is_batch_item": false}
{"id": 160772, "name": "X-LARGE BLEER", "underline": "40 STK. / REMA 1000, 15-30 KG", "age_limit": null, "hazard_precaution_statements": [], "labels": [{"id": 9001, "name": "Avisvare", "image": "https://static-assets.digital.rema1000.dk/product/labels/9001-64.webp"}, {"id": 2, "name": "REMA1000", "image": "https://static-assets.digital.rema1000.dk/product/labels/2-64.webp"}, {"id": 42, "name": "Svanemærket", "image": "https://static-assets.digital.rema1000.dk/product/labels/42-64.webp"}, {"id": 57, "name": "Ecolabel", "image": "https://static-assets.digital.rema1000.dk/product/labels/57-64.webp"}, {"id": 87, "name": "Asthma Allergy Nordic", "image": "https://static-assets.digital.rema1000.dk/product/labels/87-64.webp"}], "description": "<b>Bleer fra REMA 1000</b> En god ble er vigtig for både starten på forældreskabet og ikke mindst starten på tilværelsen for den <br /> lille ny i familien. Derfor gør vi os umage med at producere bleer af høj kvalitet, der gør hverdagen lidt  nemmere for dig og din familie. <b>Om denne vare </b><br /> Vores bløde, ekstra absorberende bleer er skabt i et anatomisk design, som giver dit barn den <br /> optimale bevægelsesfrihed – det perfekte udgangspunkt for at gå på opdagelse i verden! Disse X- LARGE BLEER passer til et barn på 15-30 kg.  Bleerne er med vådindikator, der viser dig, hvornår det er tid til et bleskift, samt en praktisk lukketape,  som nemt kan åbnes og lukkes flere gange, hvis man vil tjekke om barnet er tørt. Vores bleer er skabt  under hensyntagen til miljø og ikke mindst dit barn. Derfor er bleerne svanemærkede og deklareret i samarbejde med Asthma Allergy Nordic og uden parfume og lotion.", "info": "", "images": [{"small": "https://rema-product-images.digital.rema1000.dk/160772/1-small-xyqajaj89D.webp", "medium": "https://rema-product-images.digital.rema1000.dk/160772/1-medium-xyqajaj89D.webp", "large": "https://rema-product-images.digital.rema1000.dk/160772/1-large-xyqajaj89D.webp"}], "prices": [{"price": 54, "price_over_max_quantity": 59.95, "max_quantity": 6, "is_advertised": true, "is_campaign": true, "starting_at": "2025-08-17T00:00:00+00:00", "ending_at": "2025-08-23T00:00:00+00:00", "deposit": null, "compare_unit": "stk", "compare_unit_price": 1.35, "consumption_unit": null, "consumption_quantity": null}, {"price": 59.95, "price_over_max_quantity": null, "max_quantity": null, "is_advertised": false, "is_campaign": false, "starting_at": "2025-08-24T00:00:00+00:00", "ending_at": "2099-12-31T00:00:00+00:00", "deposit": null, "compare_unit": "stk", "compare_unit_price": 1.5, "consumption_unit": null, "consumption_quantity": null}], "temperature_zone": null, "is_self_scale_item": false, "is_weight_item": false, "is_available_in_all_stores": true, "is_batch_item": false}
{"id": 160774, "name": "JUNIOR PANTS", "underline": "30 STK. / REMA 1000, 10-18 KG", "age_limit": null, "hazard_precaution_statements": [], "labels": [{"id": 9001, "name": "Avisvare", "image": "https://static-assets.digital.rema1000.dk/product/labels/9001-64.webp"}, {"id": 2, "name": "REMA1000", "image": "https://static-assets.digital.rema1000.dk/product/labels/2-64.webp"}, {"id": 42, "name": "Svanemærket", "image": "https://static-assets.digital.rema1000.dk/product/labels/42-64.webp"}, {"id": 57, "name": "Ecolabel", "image": "https://static-assets.digital.rema1000.dk/product/labels/57-64.webp"}, {"id": 87, "name": "Asthma Allergy Nordic", "image": "https://static-assets.digital.rema1000.dk/product/labels/87-64.webp"}], "description": "<b>Bleer fra REMA 1000</b> En god ble er vigtig for både starten på forældreskabet og ikke mindst starten på tilværelsen for den <br /> lille ny i familien. Derfor gør vi os umage med at producere bleer af høj kvalitet, der gør hverdagen lidt  nemmere for dig og din familie. <b>Om denne vare </b><br /> Vores bløde, ekstra absorberende buksebleer er skabt i et anatomisk design, som giver dit barn den <br /> optimale bevægelsesfrihed – og så er de nemme for barnet selv at tage på! Vores bleer er skabt under  hensyntagen til miljø og ikke mindst dit barn. Derfor er bleerne svanemærkede og deklareret i  samarbejde med Asthma Allergy Nordic og uden parfume og lotion. Disse JUNIOR PANTS passer til et barn på 10-18 kg. ", "info": "", "images": [{"small": "https://rema-product-images.digital.rema1000.dk/160774/1-small-869D7N7bqM.webp", "medium": "https://rema-product-images.digital.rema1000.dk/160774/1-medium-869D7N7bqM.webp", "large": "https://rema-product-images.digital.rema1000.dk/160774/1-large-869D7N7bqM.webp"}], "prices": [{"price": 54, "price_over_max_quantity": 54.95, "max_quantity": 6, "is_advertised": true, "is_campaign": true, "starting_at": "2025-08-17T00:00:00+00:00", "ending_at": "2025-08-23T00:00:00+00:00", "deposit": null, "compare_unit": "stk", "compare_unit_price": 1.8, "consumption_unit": null, "consumption_quantity": null}, {"price": 54.95, "price_over_max_quantity": null, "max_quantity": null, "is_advertised": false, "is_campaign": false, "starting_at": "2025-08-24T00:00:00+00:00", "ending_at": "2099-12-31T00:00:00+00:00", "deposit": null, "compare_unit": "stk", "compare_unit_price": 1.83, "consumption_unit": null, "consumption_quantity": null}], "temperature_zone": null, "is_self_scale_item": false, "is_weight_item": false, "is_available_in_all_stores": true, "is_batch_item": false}
{"id": 160778, "name": "X-LARGE PANTS", "underline": "28 STK. / REMA 1000, 16-26 KG", "age_limit": null, "hazard_precaution_statements": [], "labels": [{"id": 9001, "name": "Avisvare", "image": "https://static-assets.digital.rema1000.dk/product/labels/9001-64.webp"}, {"id": 2, "name": "REMA1000", "image": "https://static-assets.digital.rema1000.dk/product/labels/2-64.webp"}, {"id": 42, "name": "Svanemærket", "image": "https://static-assets.digital.rema1000.dk/product/labels/42-64.webp"}, {"id": 57, "name": "Ecolabel", "image": "https://static-assets.digital.rema1000.dk/product/labels/57-64.webp"}, {"id": 87, "name": "Asthma Allergy Nordic", "image": "https://static-assets.digital.rema1000.dk/product/labels/87-64.webp"}], "description": "<b>Bleer fra REMA 1000</b> En god ble er vigtig for både starten på forældreskabet og ikke mindst starten på tilværelsen for den <br /> lille ny i familien. Derfor gør vi os umage med at producere bleer af høj kvalitet, der gør hverdagen lidt  nemmere for dig og din familie. <b>Om denne vare </b><br /> Vores bløde, ekstra absorberende buksebleer er skabt i et anatomisk design, som giver dit barn den <br /> optimale bevægelsesfrihed – og så er de nemme for barnet selv at tage på! Vores bleer er skabt under  hensyntagen til miljø og ikke mindst dit barn. Derfor er bleerne svanemærkede og deklareret  samarbejde med Asthma Allergy Nordic og uden parfume og lotion. Disse X-LARGE PANTS passer til et barn på 16-26 kg. ", "info": "", "images": [{"small": "https://rema-product-images.digital.rema1000.dk/160778/1-small-yLqGanjjPd.webp", "medium": "https://rema-product-images.digital.rema1000.dk/160778/1-medium-yLqGanjjPd.webp", "large": "https://rema-product-images.digital.rema1000.dk/160778/1-large-yLqGanjjPd.webp"}], "prices": [{"price": 54, "price_over_max_quantity": 54.95, "max_quantity": 6, "is_advertised": true, "is_campaign": true, "starting_at": "2025-08-17T00:00:00+00:00", "ending_at": "2025-08-23T00:00:00+00:00", "deposit": null, "compare_unit": "stk", "compare_unit_price": 1.93, "consumption_unit": null, "consumption_quantity": null}, {"price": 54.95, "price_over_max_quantity": null, "max_quantity": null, "is_advertised": false, "is_campaign": false, "starting_at": "2025-08-24T00:00:00+00:00", "ending_at": "2099-12-31T00:00:00+00:00", "deposit": null, "compare_unit": "stk", "compare_unit_price": 1.96, "consumption_unit": null, "consumption_quantity": null}], "temperature_zone": null, "is_self_scale_item": false, "is_weight_item": false, "is_available_in_all_stores": true, "is_batch_item": false}
{"id": 161172, "name": "VÅDSERVIETTER", "underline": "100 STK. / REMA 1000", "age_limit": null, "hazard_precaution_statements": [], "labels": [{"id": 9001, "name": "Avisvare", "image": "https://static-assets.digital.rema1000.dk/product/labels/9001-64.webp"}, {"id": 2, "name": "REMA1000", "image": "https://static-assets.digital.rema1000.dk/product/labels/2-64.webp"}, {"id": 42, "name": "Svanemærket", "image": "https://static-assets.digital.rema1000.dk/product/labels/42-64.webp"}, {"id": 87, "name": "Asthma Allergy Nordic", "image": "https://static-assets.digital.rema1000.dk/product/labels/87-64.webp"}], "description": "<b>Til familiens mindste</b> Hos REMA 1000 vil vi gerne følges med jer hele vejen – og gennem alle livets faser. Vi tilbyder derfor <br /> en lang række baby- og børneprodukter af høj kvalitet til lave priser, så du aldrig behøver at gå på  kompromis, når det kommer til dit barn. <b>Om denne vare </b><br /> Svanemærkede og allergicertificerede vådservietter uden parfume. De skånsomme vådservietter er <br /> ideelle ved bleskift og som renseservietter efter måltider. De er desuden praktiske at have ved  hånden, når I er på tur, og ikke har adgang til vand. Tip! Tag én vådserviet ud af pakken ad gangen, og luk pakken igen med det samme efter brug, så de <br /> resterende servietter holdes fugtige.", "info": "", "images": [{"small": "https://rema-product-images.digital.rema1000.dk/161172/1-small-xyqajaJY9D.webp", "medium": "https://rema-product-images.digital.rema1000.dk/161172/1-medium-xyqajaJY9D.webp", "large": "https://rema-product-images.digital.rema1000.dk/161172/1-large-xyqajaJY9D.webp"}], "prices": [{"price": 10, "price_over_max_quantity": null, "max_quantity": null, "is_advertised": true, "is_campaign": true, "starting_at": "2025-08-17T00:00:00+00:00", "ending_at": "2025-08-23T00:00:00+00:00", "deposit": null, "compare_unit": "stk", "compare_unit_price": 0.1, "consumption_unit": null, "consumption_quantity": null}, {"price": 12.05, "price_over_max_quantity": null, "max_quantity": null, "is_advertised": false, "is_campaign": false, "starting_at": "2025-08-24T00:00:00+00:00", "ending_at": "2099-12-31T00:00:00+00:00", "deposit": null, "compare_unit": "stk", "compare_unit_price": 0.12, "consumption_unit": null, "consumption_quantity": null}], "temperature_zone": null, "is_self_scale_item": false, "is_weight_item": false, "is_available_in_all_stores": true, "is_batch_item": false}
{"id": 162967, "name": "SUTTEFLASKE", "underline": "1 STK. / MAM ANTI-COLIC, 260 ML", "age_limit": null, "hazard_precaution_statements": [], "labels": [], "description": null, "info": "", "images": [], "prices": [{"price": 69, "price_over_max_quantity": null, "max_quantity": null, "is_advertised": false, "is_campaign": false, "starting_at": "2025-06-05T00:00:00+00:00", "ending_at": "2099-12-31T00:00:00+00:00", "deposit": null, "compare_unit": "stk", "compare_unit_price": 69, "consumption_unit": null, "consumption_quantity": null}], "temperature_zone": null, "is_self_scale_item": false, "is_weight_item": false, "is_available_in_all_stores": true, "is_batch_item": false}
{"id": 165169, "name": "NAN 1 DRIKKEKLAR", "underline": "200 ML. / NESTLE", "age_limit": null, "hazard_precaution_statements": [], "labels": [], "description": null, "info": "", "images": [{"small": "https://rema-product-images.digital.rema1000.dk/165169/1-small-Ea91ZRVWPz.webp", "medium": "https://rema-product-images.digital.rema1000.dk/165169/1-medium-Ea91ZRVWPz.webp", "large": "https://rema-product-images.digital.rema1000.dk/165169/1-large-Ea91ZRVWPz.webp"}], "prices": [{"price": 10.95, "price_over_max_quantity": null, "max_quantity": null, "is_advertised": false, "is_campaign": false, "starting_at": "2023-02-09T00:00:00+00:00", "ending_at": "2099-12-31T00:00:00+00:00", "deposit": null, "compare_unit": "ltr", "compare_unit_price": 54.75, "consumption_unit": null, "consumption_quantity": null}], "temperature_zone": null, "is_self_scale_item": false, "is_weight_item": false, "is_available_in_all_stores": true, "is_batch_item": false}
{"id": 165174, "name": "NAN 2 DRIKKEKLAR", "underline": "200 ML. / NESTLE", "age_limit": null, "hazard_precaution_statements": [], "labels": [], "description": null, "info": "", "images": [{"small": "https://rema-product-images.digital.rema1000.dk/165174/1-small-869D7G5bqM.webp", "medium": "https://rema-product-images.digital.rema1000.dk/165174/1-medium-869D7G5bqM.webp", "large": "https://rema-product-images.digital.rema1000.dk/165174/1-large-869D7G5bqM.webp"}], "prices": [{"price": 10.95, "price_over_max_quantity": null, "max_quantity": null, "is_advertised": false, "is_campaign": false, "starting_at": "2023-02-09T00:00:00+00:00", "ending_at": "2099-12-31T00:00:00+00:00", "deposit": null, "compare_unit": "ltr", "compare_unit_price": 54.75, "consumption_unit": null, "consumption_quantity": null}], "temperature_zone": null, "is_self_scale_item": false, "is_weight_item": false, "is_available_in_all_stores": true, "is_batch_item": false}
{"id": 170005, "name": "SPANDEPOSER", "underline": "30 STK. / REMA 1000 STJERNEBUND", "age_limit": null, "hazard_precaution_statements": [], "labels": [{"id": 2, "name": "REMA1000", "image": "https://static-assets.digital.rema1000.dk/product/labels/2-64.webp"}], "description": "BORTSKAFFELSE: Brænd aldrig plast selv. Plast skal genanvendes, eller brændes på forbrændingsanlæg ved høj tempratur", "info": "", "images": [{"small": "https://rema-product-images.digital.rema1000.dk/170005/1-small-xQq8g3jJoZ.webp", "medium": "https://rema-product-images.digital.rema1000.dk/170005/1-medium-xQq8g3jJoZ.webp", "large": "https://rema-product-images.digital.rema1000.dk/170005/1-large-xQq8g3jJoZ.webp"}], "prices": [{"price": 7.5, "price_over_max_quantity": null, "max_quantity": null, "is_advertised": false, "is_campaign": false, "starting_at": "2024-10-03T00:00:00+00:00", "ending_at": "2025-09-13T00:00:00+00:00", "deposit": null, "compare_unit": "stk", "compare_unit_price": 0.25, "consumption_unit": null, "consumption_quantity": null}], "temperature_zone": null, "is_self_scale_item": false, "is_weight_item": false, "is_available_in_all_stores": true, "is_batch_item": false}
{"id": 170007, "name": "BAGEPAPIR RULLE", "underline": "20 MTR. / REMA 1000", "age_limit": null, "hazard_precaution_statements": [], "labels": [{"id": 2, "name": "REMA1000", "image": "https://static-assets.digital.rema1000.dk/product/labels/2-64.webp"}, {"id": 42, "name": "Svanemærket", "image": "https://static-assets.digital.rema1000.dk/product/labels/42-64.webp"}], "description": "Tåler temperaturer fra - 30 °C til + 220 °C Advarsel: - Brug ikke bagepapir når grillelementerne er tændt. - Sørg for, at bagepapiret ikke berører ovnens varmeelementer eller sider pga. brandfare. - Må ikke komme i kontakt med åben ild. - Hold opsyn, hvis bagepapiret benyttes ved varmluftfunktion", "info": "", "images": [{"small": "https://rema-product-images.digital.rema1000.dk/170007/1-small-v09gyG00oA.webp", "medium": "https://rema-product-images.digital.rema1000.dk/170007/1-medium-v09gyG00oA.webp", "large": "https://rema-product-images.digital.rema1000.dk/170007/1-large-v09gyG00oA.webp"}], "prices": [{"price": 11.95, "price_over_max_quantity": null, "max_quantity": null, "is_advertised": false, "is_campaign": false, "starting_at": "2024-07-04T00:00:00+00:00", "ending_at": "2099-12-31T00:00:00+00:00", "deposit": null, "compare_unit": "mtr", "compare_unit_price": 0.6, "consumption_unit": null, "consumption_quantity": null}], "temperature_zone": null, "is_self_scale_item": false, "is_weight_item": false, "is_available_in_all_stores": true, "is_batch_item": false}
{"id": 170035, "name": "TOILETPAPIR", "underline": "768 GR. / REMA 1000 ULTRASOFT 4-LAGS", "age_limit": null, "hazard_precaution_statements": [], "labels": [{"id": 2, "name": "REMA1000", "image": "https://static-assets.digital.rema1000.dk/product/labels/2-64.webp"}, {"id": 42, "name": "Svanemærket", "image": "https://static-assets.digital.rema1000.dk/product/labels/42-64.webp"}], "description": null, "info": "", "images": [{"small": "https://rema-product-images.digital.rema1000.dk/170035/1-small-Gb9kMyODo7.webp", "medium": "https://rema-product-images.digital.rema1000.dk/170035/1-medium-Gb9kMyODo7.webp", "large": "https://rema-product-images.digital.rema1000.dk/170035/1-large-Gb9kMyODo7.webp"}], "prices": [{"price": 22.45, "price_over_max_quantity": null, "max_quantity": null, "is_advertised": false, "is_campaign": false, "starting_at": "2024-09-12T00:00:00+00:00", "ending_at": "2099-12-31T00:00:00+00:00", "deposit": null, "compare_unit": "kg", "compare_unit_price": 29.23, "consumption_unit": null, "consumption_quantity": null}], "temperature_zone": null, "is_self_scale_item": false, "is_weight_item": false, "is_available_in_all_stores": true, "is_batch_item": false}
{"id": 170087, "name": "MUFFINFORME", "underline": "24 STK. / REMA 1000", "age_limit": null, "hazard_precaution_statements": [], "labels": [{"id": 2, "name": "REMA1000", "image": "https://static-assets.digital.rema1000.dk/product/labels/2-64.webp"}, {"id": 42, "name": "Svanemærket", "image": "https://static-assets.digital.rema1000.dk/product/labels/42-64.webp"}], "description": " ", "info": "", "images": [{"small": "https://rema-product-images.digital.rema1000.dk/170087/1-small-dyom8M43PV.webp", "medium": "https://rema-product-images.digital.rema1000.dk/170087/1-medium-dyom8M43PV.webp", "large": "https://rema-product-images.digital.rema1000.dk/170087/1-large-dyom8M43PV.webp"}], "prices": [{"price": 10.95, "price_over_max_quantity": null, "max_quantity": null, "is_advertised": false, "is_campaign": false, "starting_at": "2023-11-30T00:00:00+00:00", "ending_at": "2099-12-31T00:00:00+00:00", "deposit": null, "compare_unit": "stk", "compare_unit_price": 0.46, "consumption_unit": null, "consumption_quantity": null}], "temperature_zone": null, "is_self_scale_item": false, "is_weight_item": false, "is_available_in_all_stores": true, "is_batch_item": false}
{"id": 170090, "name": "MADPAKKEPAPIR", "underline": "25 MTR. / REMA 1000 RULLE", "age_limit": null, "hazard_precaution_statements": [], "labels": [{"id": 2, "name": "REMA1000", "image": "https://static-assets.digital.rema1000.dk/product/labels/2-64.webp"}, {"id": 42, "name": "Svanemærket", "image": "https://static-assets.digital.rema1000.dk/product/labels/42-64.webp"}], "description": "Antal:  1 rulle. Nettovægt: 266 g Papirvægt: 38 g/m2, Længde:  25 m, Bredde: 28 cm<br />", "info": "", "images": [{"small": "https://rema-product-images.digital.rema1000.dk/170090/1-small-kAonl86E9x.webp", "medium": "https://rema-product-images.digital.rema1000.dk/170090/1-medium-kAonl86E9x.webp", "large": "https://rema-product-images.digital.rema1000.dk/170090/1-large-kAonl86E9x.webp"}], "prices": [{"price": 13.95, "price_over_max_quantity": null, "max_quantity": null, "is_advertised": false, "is_campaign": false, "starting_at": "2024-07-04T00:00:00+00:00", "ending_at": "2099-12-31T00:00:00+00:00", "deposit": null, "compare_unit": "mtr", "compare_unit_price": 0.56, "consumption_unit": null, "consumption_quantity": null}], "temperature_zone": null, "is_self_scale_item": false, "is_weight_item": false, "is_available_in_all_stores": true, "is_batch_item": false}
{"id": 170113, "name": "ISTERNINGEPOSER", "underline": "20 STK. / SCHUR", "age_limit": null, "hazard_precaution_statements": [], "labels": [], "description": null, "info": "", "images": [{"small": "https://rema-product-images.digital.rema1000.dk/170113/1-small-wyPbjdvQPE.webp", "medium": "https://rema-product-images.digital.rema1000.dk/170113/1-medium-wyPbjdvQPE.webp", "large": "https://rema-product-images.digital.rema1000.dk/170113/1-large-wyPbjdvQPE.webp"}], "prices": [{"price": 13.95, "price_over_max_quantity": null, "max_quantity": null, "is_advertised": false, "is_campaign": false, "starting_at": "2023-11-02T00:00:00+00:00", "ending_at": "2099-12-31T00:00:00+00:00", "deposit": null, "compare_unit": "stk", "compare_unit_price": 0.7, "consumption_unit": null, "consumption_quantity": null}], "temperature_zone": null, "is_self_scale_item": false, "is_weight_item": false, "is_available_in_all_stores": true, "is_batch_item": false}
{"id": 170173, "name": "ALUBAKKER", "underline": "6 STK. / ZAPP 4,5 DL", "age_limit": null, "hazard_precaution_statements": [], "labels": [], "description": "Velegnet til madlavning i grill og ovn samt opbevaring. Tåler opvarmening i ovnen direkte fra fryser. 1 stk måler: L14,3 cm B11,8 cm H4,5 cm", "info": "", "images": [{"small": "https://rema-product-images.digital.rema1000.dk/170173/1-small-pYqxn1XpP1.webp", "medium": "https://rema-product-images.digital.rema1000.dk/170173/1-medium-pYqxn1XpP1.webp", "large": "https://rema-product-images.digital.rema1000.dk/170173/1-large-pYqxn1XpP1.webp"}], "prices": [{"price": 10.5, "price_over_max_quantity": null, "max_quantity": null, "is_advertised": false, "is_campaign": false, "starting_at": "2023-10-05T00:00:00+00:00", "ending_at": "2099-12-31T00:00:00+00:00", "deposit": null, "compare_unit": "stk", "compare_unit_price": 1.75, "consumption_unit": null, "consumption_quantity": null}], "temperature_zone": null, "is_self_scale_item": false, "is_weight_item": false, "is_available_in_all_stores": true, "is_batch_item": false}
{"id": 170174, "name": "DRYPBAKKER", "underline": "5 STK. / ZAPP 1,2 LTR", "age_limit": null, "hazard_precaution_statements": [], "labels": [], "description": "Velegnet til madlavning i grill og ovn samt opbevaring. Tåler opvarmening i ovnen direkte fra fryser. 1 stk måler: L22,5 cm B17,5 cm H4 cm", "info": "", "images": [{"small": "https://rema-product-images.digital.rema1000.dk/170174/1-small-869D7gNEqM.webp", "medium": "https://rema-product-images.digital.rema1000.dk/170174/1-medium-869D7gNEqM.webp", "large": "https://rema-product-images.digital.rema1000.dk/170174/1-large-869D7gNEqM.webp"}], "prices": [{"price": 10.5, "price_over_max_quantity": null, "max_quantity": null, "is_advertised": false, "is_campaign": false, "starting_at": "2023-10-05T00:00:00+00:00", "ending_at": "2099-12-31T00:00:00+00:00", "deposit": null, "compare_unit": "stk", "compare_unit_price": 2.1, "consumption_unit": null, "consumption_quantity": null}], "temperature_zone": null, "is_self_scale_item": false, "is_weight_item": false, "is_available_in_all_stores": true, "is_batch_item": false}
{"id": 170181, "name": "AFFALDSSÆK", "underline": "10 STK. / KLAR 100 LTR GENANVENDT PLAST", "age_limit": null, "hazard_precaution_statements": [], "labels": [], "description": "Tykkelse: 46 my", "info": "", "images": [{"small": "https://rema-product-images.digital.rema1000.dk/170181/1-small-JzPJn68JPk.webp", "medium": "https://rema-product-images.digital.rema1000.dk/170181/1-medium-JzPJn68JPk.webp", "large": "https://rema-product-images.digital.rema1000.dk/170181/1-large-JzPJn68JPk.webp"}], "prices": [{"price": 14.95, "price_over_max_quantity": null, "max_quantity": null, "is_advertised": false, "is_campaign": false, "starting_at": "2023-11-30T00:00:00+00:00", "ending_at": "2099-12-31T00:00:00+00:00", "deposit": null, "compare_unit": "stk", "compare_unit_price": 1.5, "consumption_unit": null, "consumption_quantity": null}], "temperature_zone": null, "is_self_scale_item": false, "is_weight_item": false, "is_available_in_all_stores": true, "is_batch_item": false}
{"id": 170186, "name": "REMA 1000 RPET POSE", "underline": "1 STK. / KORTE HANKE, 41X45X9 CM", "age_limit": null, "hazard_precaution_statements": [], "labels": [{"id": 2, "name": "REMA1000", "image": "https://static-assets.digital.rema1000.dk/product/labels/2-64.webp"}], "description": "Bæreevne max 12 kg", "info": "", "images": [{"small": "https://rema-product-images.digital.rema1000.dk/170186/1-small-A4Py0ObJ9L.webp", "medium": "https://rema-product-images.digital.rema1000.dk/170186/1-medium-A4Py0ObJ9L.webp", "large": "https://rema-product-images.digital.rema1000.dk/170186/1-large-A4Py0ObJ9L.webp"}], "prices": [{"price": 6, "price_over_max_quantity": null, "max_quantity": null, "is_advertised": false, "is_campaign": false, "starting_at": "2020-10-16T00:00:00+00:00", "ending_at": "2099-12-31T00:00:00+00:00", "deposit": null, "compare_unit": "stk", "compare_unit_price": 6, "consumption_unit": null, "consumption_quantity": null}], "temperature_zone": null, "is_self_scale_item": false, "is_weight_item": false, "is_available_in_all_stores": true, "is_batch_item": false}
{"id": 170192, "name": "KØKKENRULLER", "underline": "472 GR. / LAMBI HVID 4 RULLER", "age_limit": null, "hazard_precaution_statements": [], "labels": [{"id": 42, "name": "Svanemærket", "image": "https://static-assets.digital.rema1000.dk/product/labels/42-64.webp"}, {"id": 87, "name": "Asthma Allergy Nordic", "image": "https://static-assets.digital.rema1000.dk/product/labels/87-64.webp"}], "description": null, "info": "", "images": [{"small": "https://rema-product-images.digital.rema1000.dk/170192/1-small-OJq52eBz9p.webp", "medium": "https://rema-product-images.digital.rema1000.dk/170192/1-medium-OJq52eBz9p.webp", "large": "https://rema-product-images.digital.rema1000.dk/170192/1-large-OJq52eBz9p.webp"}], "prices": [{"price": 29.95, "price_over_max_quantity": null, "max_quantity": null, "is_advertised": false, "is_campaign": false, "starting_at": "2023-11-02T00:00:00+00:00", "ending_at": "2025-08-30T00:00:00+00:00", "deposit": null, "compare_unit": "kg", "compare_unit_price": 63.45, "consumption_unit": null, "consumption_quantity": null}], "temperature_zone": null, "is_self_scale_item": false, "is_weight_item": false, "is_available_in_all_stores": true, "is_batch_item": false}
{"id": 171266, "name": "KØKKENRULLE", "underline": "817 GR. / REMA 1000 KOMPAKT 2-LAGS", "age_limit": null, "hazard_precaution_statements": [], "labels": [{"id": 2, "name": "REMA1000", "image": "https://static-assets.digital.rema1000.dk/product/labels/2-64.webp"}, {"id": 42, "name": "Svanemærket", "image": "https://static-assets.digital.rema1000.dk/product/labels/42-64.webp"}], "description": "Hybridkøkkenrulle med 1 lag ren cellulose og 1 lag genbrugspapir. 1 rulle pr. pakke. 420 ark. Arkstørrelse 22,6 x 23,7 cm. ", "info": "", "images": [{"small": "https://rema-product-images.digital.rema1000.dk/171266/1-small-pyozp5yM9X.webp", "medium": "https://rema-product-images.digital.rema1000.dk/171266/1-medium-pyozp5yM9X.webp", "large": "https://rema-product-images.digital.rema1000.dk/171266/1-large-pyozp5yM9X.webp"}], "prices": [{"price": 23.95, "price_over_max_quantity": null, "max_quantity": null, "is_advertised": false, "is_campaign": false, "starting_at": "2025-02-06T00:00:00+00:00", "ending_at": "2099-12-31T00:00:00+00:00", "deposit": null, "compare_unit": "kg", "compare_unit_price": 29.31, "consumption_unit": null, "consumption_quantity": null}], "temperature_zone": null, "is_self_scale_item": false, "is_weight_item": false, "is_available_in_all_stores": true, "is_batch_item": false}
{"id": 171267, "name": "KOMPAKT TOILETPAPIR", "underline": "976 GR. / REMA 1000 4 RULLER", "age_limit": null, "hazard_precaution_statements": [], "labels": [{"id": 2, "name": "REMA1000", "image": "https://static-assets.digital.rema1000.dk/product/labels/2-64.webp"}, {"id": 42, "name": "Svanemærket", "image": "https://static-assets.digital.rema1000.dk/product/labels/42-64.webp"}], "description": null, "info": "", "images": [{"small": "https://rema-product-images.digital.rema1000.dk/171267/1-small-MNqZzjD3qA.webp", "medium": "https://rema-product-images.digital.rema1000.dk/171267/1-medium-MNqZzjD3qA.webp", "large": "https://rema-product-images.digital.rema1000.dk/171267/1-large-MNqZzjD3qA.webp"}], "prices": [{"price": 26.95, "price_over_max_quantity": null, "max_quantity": null, "is_advertised": false, "is_campaign": false, "starting_at": "2025-02-06T00:00:00+00:00", "ending_at": "2099-12-31T00:00:00+00:00", "deposit": null, "compare_unit": "kg", "compare_unit_price": 27.61, "consumption_unit": null, "consumption_quantity": null}], "temperature_zone": null, "is_self_scale_item": false, "is_weight_item": false, "is_available_in_all_stores": true, "is_batch_item": false}
{"id": 172007, "name": "KAFFEFILTRE 1X4", "underline": "200 STK. / REMA 1000 UBLEGEDE", "age_limit": null, "hazard_precaution_statements": [], "labels": [{"id": 2, "name": "REMA1000", "image": "https://static-assets.digital.rema1000.dk/product/labels/2-64.webp"}, {"id": 42, "name": "Svanemærket", "image": "https://static-assets.digital.rema1000.dk/product/labels/42-64.webp"}], "description": "Kaffefiltre, der opfylder Varefaktas krav til papirstyrke og gennemløbstid, Antal: 200 filtre. Størrelse: 4.  Passer til kaffetragt nr. 4. Tilsat vådstyrkemiddel. Papirvægt: 51 g/m2<br />", "info": "", "images": [{"small": "https://rema-product-images.digital.rema1000.dk/172007/1-small-v09gQRXxoA.webp", "medium": "https://rema-product-images.digital.rema1000.dk/172007/1-medium-v09gQRXxoA.webp", "large": "https://rema-product-images.digital.rema1000.dk/172007/1-large-v09gQRXxoA.webp"}], "prices": [{"price": 14.95, "price_over_max_quantity": null, "max_quantity": null, "is_advertised": false, "is_campaign": false, "starting_at": "2025-02-06T00:00:00+00:00", "ending_at": "2099-12-31T00:00:00+00:00", "deposit": null, "compare_unit": "stk", "compare_unit_price": 0.07, "consumption_unit": null, "consumption_quantity": null}], "temperature_zone": null, "is_self_scale_item": false, "is_weight_item": false, "is_available_in_all_stores": true, "is_batch_item": false}
{"id": 172342, "name": "SHOPPINGPOSE", "underline": "1 STK. / REMA 1000", "age_limit": null, "hazard_precaution_statements": [], "labels": [{"id": 2, "name": "REMA1000", "image": "https://static-assets.digital.rema1000.dk/product/labels/2-64.webp"}], "description": "Bæreevne max 20 kg", "info": "", "images": [{"small": "https://rema-product-images.digital.rema1000.dk/172342/1-small-A4Pyl0MJ9L.webp", "medium": "https://rema-product-images.digital.rema1000.dk/172342/1-medium-A4Pyl0MJ9L.webp", "large": "https://rema-product-images.digital.rema1000.dk/172342/1-large-A4Pyl0MJ9L.webp"}], "prices": [{"price": 10, "price_over_max_quantity": null, "max_quantity": null, "is_advertised": false, "is_campaign": false, "starting_at": "2016-06-23T00:00:00+00:00", "ending_at": "2099-12-31T00:00:00+00:00", "deposit": null, "compare_unit": "stk", "compare_unit_price": 10, "consumption_unit": null, "consumption_quantity": null}], "temperature_zone": null, "is_self_scale_item": false, "is_weight_item": false, "is_available_in_all_stores": true, "is_batch_item": false}
{"id": 172344, "name": "FRUGT OG GRØNT POSE", "underline": "1 STK. / GENANVENDELIG", "age_limit": null, "hazard_precaution_statements": [], "labels": [{"id": 2, "name": "REMA1000", "image": "https://static-assets.digital.rema1000.dk/product/labels/2-64.webp"}], "description": "", "info": "", "images": [{"small": "https://rema-product-images.digital.rema1000.dk/172344/1-small-xePwBy7O9w.webp", "medium": "https://rema-product-images.digital.rema1000.dk/172344/1-medium-xePwBy7O9w.webp", "large": "https://rema-product-images.digital.rema1000.dk/172344/1-large-xePwBy7O9w.webp"}], "prices": [{"price": 3, "price_over_max_quantity": null, "max_quantity": null, "is_advertised": false, "is_campaign": false, "starting_at": "2020-02-25T00:00:00+00:00", "ending_at": "2099-12-31T00:00:00+00:00", "deposit": null, "compare_unit": "stk", "compare_unit_price": 3, "consumption_unit": null, "consumption_quantity": null}], "temperature_zone": null, "is_self_scale_item": false, "is_weight_item": false, "is_available_in_all_stores": true, "is_batch_item": false}
{"id": 172581, "name": "LANGE TEFILTRE", "underline": "50 STK. / SCHUR UBLEGEDE", "age_limit": null, "hazard_precaution_statements": [], "labels": [], "description": null, "info": "", "images": [{"small": "https://rema-product-images.digital.rema1000.dk/172581/1-small-JzPJvnp0Pk.webp", "medium": "https://rema-product-images.digital.rema1000.dk/172581/1-medium-JzPJvnp0Pk.webp", "large": "https://rema-product-images.digital.rema1000.dk/172581/1-large-JzPJvnp0Pk.webp"}], "prices": [{"price": 11.95, "price_over_max_quantity": null, "max_quantity": null, "is_advertised": false, "is_campaign": false, "starting_at": "2023-11-02T00:00:00+00:00", "ending_at": "2099-12-31T00:00:00+00:00", "deposit": null, "compare_unit": "stk", "compare_unit_price": 0.24, "consumption_unit": null, "consumption_quantity": null}], "temperature_zone": null, "is_self_scale_item": false, "is_weight_item": false, "is_available_in_all_stores": true, "is_batch_item": false}
{"id": 172940, "name": "ALUFOLIE", "underline": "40 MTR. / REMA 1000", "age_limit": null, "hazard_precaution_statements": [], "labels": [{"id": 2, "name": "REMA1000", "image": "https://static-assets.digital.rema1000.dk/product/labels/2-64.webp"}], "description": "Længde: 40 m pr. rulle. Bredde: 29 cm. Tykkelse: 0,011 mm<br />", "info": "", "images": [{"small": "https://rema-product-images.digital.rema1000.dk/172940/1-small-rQqQpl0Doe.webp", "medium": "https://rema-product-images.digital.rema1000.dk/172940/1-medium-rQqQpl0Doe.webp", "large": "https://rema-product-images.digital.rema1000.dk/172940/1-large-rQqQpl0Doe.webp"}], "prices": [{"price": 24.95, "price_over_max_quantity": null, "max_quantity": null, "is_advertised": false, "is_campaign": false, "starting_at": "2024-10-03T00:00:00+00:00", "ending_at": "2099-12-31T00:00:00+00:00", "deposit": null, "compare_unit": "mtr", "compare_unit_price": 0.62, "consumption_unit": null, "consumption_quantity": null}], "temperature_zone": null, "is_self_scale_item": false, "is_weight_item": false, "is_available_in_all_stores": true, "is_batch_item": false}
{"id": 173545, "name": "HUSHOLDNINGSFILM", "underline": "100 MTR. / REMA 1000", "age_limit": null, "hazard_precaution_statements": [], "labels": [{"id": 2, "name": "REMA1000", "image": "https://static-assets.digital.rema1000.dk/product/labels/2-64.webp"}], "description": "Antal:1 rulle. Nettovægt: 253 g. Længde: 100 m. Bredde: 29 cm. Tykkelse: 0,0095 mm<br />", "info": "", "images": [{"small": "https://rema-product-images.digital.rema1000.dk/173545/1-small-ElPB612jPk.webp", "medium": "https://rema-product-images.digital.rema1000.dk/173545/1-medium-ElPB612jPk.webp", "large": "https://rema-product-images.digital.rema1000.dk/173545/1-large-ElPB612jPk.webp"}], "prices": [{"price": 14.95, "price_over_max_quantity": null, "max_quantity": null, "is_advertised": false, "is_campaign": false, "starting_at": "2025-01-16T00:00:00+00:00", "ending_at": "2099-12-31T00:00:00+00:00", "deposit": null, "compare_unit": "mtr", "compare_unit_price": 0.15, "consumption_unit": null, "consumption_quantity": null}], "temperature_zone": null, "is_self_scale_item": false, "is_weight_item": false, "is_available_in_all_stores": true, "is_batch_item": false}
{"id": 174138, "name": "MELLEMLÆGSPAPIR", "underline": "500 STK. / REMA 1000", "age_limit": null, "hazard_precaution_statements": [], "labels": [{"id": 2, "name": "REMA1000", "image": "https://static-assets.digital.rema1000.dk/product/labels/2-64.webp"}, {"id": 42, "name": "Svanemærket", "image": "https://static-assets.digital.rema1000.dk/product/labels/42-64.webp"}], "description": "12x14,5 cm<br />", "info": "", "images": [{"small": "https://rema-product-images.digital.rema1000.dk/174138/1-small-MBoNpnMR9v.webp", "medium": "https://rema-product-images.digital.rema1000.dk/174138/1-medium-MBoNpnMR9v.webp", "large": "https://rema-product-images.digital.rema1000.dk/174138/1-large-MBoNpnMR9v.webp"}], "prices": [{"price": 16.95, "price_over_max_quantity": null, "max_quantity": null, "is_advertised": false, "is_campaign": false, "starting_at": "2023-02-02T00:00:00+00:00", "ending_at": "2099-12-31T00:00:00+00:00", "deposit": null, "compare_unit": "stk", "compare_unit_price": 0.03, "consumption_unit": null, "consumption_quantity": null}], "temperature_zone": null, "is_self_scale_item": false, "is_weight_item": false, "is_available_in_all_stores": true, "is_batch_item": false}
{"id": 174660, "name": "STEGEPOSER 10 LTR", "underline": "5 STK. / ABENA", "age_limit": null, "hazard_precaution_statements": [], "labels": [], "description": "Rumindhold: 10 ltr 35x43 cm OBS: Stegeposen skal holdes fri af ovnens sider og varmelegemer", "info": "", "images": [{"small": "https://rema-product-images.digital.rema1000.dk/174660/1-small-6xqAxx1voD.webp", "medium": "https://rema-product-images.digital.rema1000.dk/174660/1-medium-6xqAxx1voD.webp", "large": "https://rema-product-images.digital.rema1000.dk/174660/1-large-6xqAxx1voD.webp"}], "prices": [{"price": 12.95, "price_over_max_quantity": null, "max_quantity": null, "is_advertised": false, "is_campaign": false, "starting_at": "2022-03-03T00:00:00+00:00", "ending_at": "2099-12-31T00:00:00+00:00", "deposit": null, "compare_unit": "stk", "compare_unit_price": 2.59, "consumption_unit": null, "consumption_quantity": null}], "temperature_zone": null, "is_self_scale_item": false, "is_weight_item": false, "is_available_in_all_stores": true, "is_batch_item": false}
{"id": 174722, "name": "BAGEPAPIR ARK", "underline": "20 STK. / REMA 1000", "age_limit": null, "hazard_precaution_statements": [], "labels": [{"id": 2, "name": "REMA1000", "image": "https://static-assets.digital.rema1000.dk/product/labels/2-64.webp"}, {"id": 42, "name": "Svanemærket", "image": "https://static-assets.digital.rema1000.dk/product/labels/42-64.webp"}], "description": "Pr. ark: Længde 42 cm og bredde 38 cm<br /> Overfladebehandlet med silikone.", "info": "", "images": [{"small": "https://rema-product-images.digital.rema1000.dk/174722/1-small-pyozppV19X.webp", "medium": "https://rema-product-images.digital.rema1000.dk/174722/1-medium-pyozppV19X.webp", "large": "https://rema-product-images.digital.rema1000.dk/174722/1-large-pyozppV19X.webp"}], "prices": [{"price": 6.95, "price_over_max_quantity": null, "max_quantity": null, "is_advertised": false, "is_campaign": false, "starting_at": "2023-11-02T00:00:00+00:00", "ending_at": "2025-09-13T00:00:00+00:00", "deposit": null, "compare_unit": "stk", "compare_unit_price": 0.35, "consumption_unit": null, "consumption_quantity": null}], "temperature_zone": null, "is_self_scale_item": false, "is_weight_item": false, "is_available_in_all_stores": true, "is_batch_item": false}
{"id": 176050, "name": "FRYSEPOSER 4 LTR", "underline": "100 STK. / REMA 1000", "age_limit": null, "hazard_precaution_statements": [], "labels": [{"id": 9001, "name": "Avisvare", "image": "https://static-assets.digital.rema1000.dk/product/labels/9001-64.webp"}, {"id": 2, "name": "REMA1000", "image": "https://static-assets.digital.rema1000.dk/product/labels/2-64.webp"}], "description": "Til fødevarer - med skrivefelt. Kontrolleret og opfylder Varefaktas krav til: - ingen afsmag - beskyttelse mod udtørring. Egnet til: Opbevaring af fødevarer i fryser og køleskab. Antal:  100 stk. Maks. rumindhold: 4 liter. Nytterumindhold: 3,8 liter<br />", "info": "", "images": [{"small": "https://rema-product-images.digital.rema1000.dk/176050/1-small-vVorQQl8P3.webp", "medium": "https://rema-product-images.digital.rema1000.dk/176050/1-medium-vVorQQl8P3.webp", "large": "https://rema-product-images.digital.rema1000.dk/176050/1-large-vVorQQl8P3.webp"}], "prices": [{"price": 10, "price_over_max_quantity": null, "max_quantity": null, "is_advertised": true, "is_campaign": true, "starting_at": "2025-08-17T00:00:00+00:00", "ending_at": "2025-08-23T00:00:00+00:00", "deposit": null, "compare_unit": "stk", "compare_unit_price": 0.1, "consumption_unit": null, "consumption_quantity": null}, {"price": 13.95, "price_over_max_quantity": null, "max_quantity": null, "is_advertised": false, "is_campaign": false, "starting_at": "2025-08-24T00:00:00+00:00", "ending_at": "2099-12-31T00:00:00+00:00", "deposit": null, "compare_unit": "stk", "compare_unit_price": 0.14, "consumption_unit": null, "consumption_quantity": null}], "temperature_zone": null, "is_self_scale_item": false, "is_weight_item": false, "is_available_in_all_stores": true, "is_batch_item": false}
{"id": 176054, "name": "FRYSEPOSER 8 LTR", "underline": "50 STK. / REMA 1000", "age_limit": null, "hazard_precaution_statements": [], "labels": [{"id": 2, "name": "REMA1000", "image": "https://static-assets.digital.rema1000.dk/product/labels/2-64.webp"}], "description": "Til fødevarer - med skrivefelt. Antal:  50 stk. Maks. rumindhold: 8 liter. Nytterumindhold: 6 liter. Længde:  50 cm. Bredde:  25 cm.<br />", "info": "", "images": [{"small": "https://rema-product-images.digital.rema1000.dk/176054/1-small-Al9033vEq8.webp", "medium": "https://rema-product-images.digital.rema1000.dk/176054/1-medium-Al9033vEq8.webp", "large": "https://rema-product-images.digital.rema1000.dk/176054/1-large-Al9033vEq8.webp"}], "prices": [{"price": 12.95, "price_over_max_quantity": null, "max_quantity": null, "is_advertised": false, "is_campaign": false, "starting_at": "2023-04-06T00:00:00+00:00", "ending_at": "2099-12-31T00:00:00+00:00", "deposit": null, "compare_unit": "stk", "compare_unit_price": 0.26, "consumption_unit": null, "consumption_quantity": null}], "temperature_zone": null, "is_self_scale_item": false, "is_weight_item": false, "is_available_in_all_stores": true, "is_batch_item": false}
{"id": 176056, "name": "FRYSEPOSER 11 LTR", "underline": "10 STK. / REMA 1000", "age_limit": null, "hazard_precaution_statements": [], "labels": [{"id": 2, "name": "REMA1000", "image": "https://static-assets.digital.rema1000.dk/product/labels/2-64.webp"}], "description": "  Til fødevarer - med skrivefelt. Antal:  10 stk. Maks. rumindhold: 11 liter. Nytterumindhold: 8,4 liter. Længde: 54 cm. Bredde: 29 cm<br />", "info": "", "images": [{"small": "https://rema-product-images.digital.rema1000.dk/176056/1-small-18oXwwbdPk.webp", "medium": "https://rema-product-images.digital.rema1000.dk/176056/1-medium-18oXwwbdPk.webp", "large": "https://rema-product-images.digital.rema1000.dk/176056/1-large-18oXwwbdPk.webp"}], "prices": [{"price": 3.95, "price_over_max_quantity": null, "max_quantity": null, "is_advertised": false, "is_campaign": false, "starting_at": "2023-04-06T00:00:00+00:00", "ending_at": "2099-12-31T00:00:00+00:00", "deposit": null, "compare_unit": "stk", "compare_unit_price": 0.4, "consumption_unit": null, "consumption_quantity": null}], "temperature_zone": null, "is_self_scale_item": false, "is_weight_item": false, "is_available_in_all_stores": true, "is_batch_item": false}
{"id": 176096, "name": "TERMOPOSE", "underline": "1 STK. / HOT & COOL 26,5 LTR", "age_limit": null, "hazard_precaution_statements": [], "labels": [], "description": "Rumindhold 26,5 ltr", "info": "", "images": [{"small": "https://rema-product-images.digital.rema1000.dk/176096/1-small-NpP7OOwDPO.webp", "medium": "https://rema-product-images.digital.rema1000.dk/176096/1-medium-NpP7OOwDPO.webp", "large": "https://rema-product-images.digital.rema1000.dk/176096/1-large-NpP7OOwDPO.webp"}], "prices": [{"price": 7.95, "price_over_max_quantity": null, "max_quantity": null, "is_advertised": false, "is_campaign": false, "starting_at": "2023-06-22T00:00:00+00:00", "ending_at": "2099-12-31T00:00:00+00:00", "deposit": null, "compare_unit": "stk", "compare_unit_price": 7.95, "consumption_unit": null, "consumption_quantity": null}], "temperature_zone": null, "is_self_scale_item": false, "is_weight_item": false, "is_available_in_all_stores": false, "is_batch_item": false}
{"id": 176110, "name": "FRYSEPOSER 2 LTR", "underline": "30 STK. / REMA 1000", "age_limit": null, "hazard_precaution_statements": [], "labels": [{"id": 2, "name": "REMA1000", "image": "https://static-assets.digital.rema1000.dk/product/labels/2-64.webp"}], "description": "Til fødevarer - med skrivefelt. Antal:  30 stk. Maks. rumindhold: 2 liter. Nytterumindhold: 1,5 liter. Længde:  34 cm. Bredde:  15 cm<br />", "info": "", "images": [{"small": "https://rema-product-images.digital.rema1000.dk/176110/1-small-Al9033k7q8.webp", "medium": "https://rema-product-images.digital.rema1000.dk/176110/1-medium-Al9033k7q8.webp", "large": "https://rema-product-images.digital.rema1000.dk/176110/1-large-Al9033k7q8.webp"}], "prices": [{"price": 3.95, "price_over_max_quantity": null, "max_quantity": null, "is_advertised": false, "is_campaign": false, "starting_at": "2022-01-06T00:00:00+00:00", "ending_at": "2099-12-31T00:00:00+00:00", "deposit": null, "compare_unit": "stk", "compare_unit_price": 0.13, "consumption_unit": null, "consumption_quantity": null}], "temperature_zone": null, "is_self_scale_item": false, "is_weight_item": false, "is_available_in_all_stores": true, "is_batch_item": false}
{"id": 176160, "name": "POSER MED LYNLÅS", "underline": "25 STK. / REMA 1000 0,4 LTR", "age_limit": null, "hazard_precaution_statements": [], "labels": [{"id": 2, "name": "REMA1000", "image": "https://static-assets.digital.rema1000.dk/product/labels/2-64.webp"}], "description": null, "info": "", "images": [{"small": "https://rema-product-images.digital.rema1000.dk/176160/1-small-6xqAxxBEoD.webp", "medium": "https://rema-product-images.digital.rema1000.dk/176160/1-medium-6xqAxxBEoD.webp", "large": "https://rema-product-images.digital.rema1000.dk/176160/1-large-6xqAxxBEoD.webp"}], "prices": [{"price": 7.95, "price_over_max_quantity": null, "max_quantity": null, "is_advertised": false, "is_campaign": false, "starting_at": "2024-10-03T00:00:00+00:00", "ending_at": "2099-12-31T00:00:00+00:00", "deposit": null, "compare_unit": "stk", "compare_unit_price": 0.32, "consumption_unit": null, "consumption_quantity": null}], "temperature_zone": null, "is_self_scale_item": false, "is_weight_item": false, "is_available_in_all_stores": true, "is_batch_item": false}
{"id": 176929, "name": "AFFALDSSÆKKE", "underline": "4 STK. / VÅDSTÆRKT MILJØVENLIGT PAPIR", "age_limit": null, "hazard_precaution_statements": [], "labels": [], "description": null, "info": "", "images": [{"small": "https://rema-product-images.digital.rema1000.dk/176929/1-small-pYqx3Ky2o1.webp", "medium": "https://rema-product-images.digital.rema1000.dk/176929/1-medium-pYqx3Ky2o1.webp", "large": "https://rema-product-images.digital.rema1000.dk/176929/1-large-pYqx3Ky2o1.webp"}], "prices": [{"price": 29.95, "price_over_max_quantity": null, "max_quantity": null, "is_advertised": false, "is_campaign": false, "starting_at": "2024-01-04T00:00:00+00:00", "ending_at": "2099-12-31T00:00:00+00:00", "deposit": null, "compare_unit": "stk", "compare_unit_price": 7.49, "consumption_unit": null, "consumption_quantity": null}], "temperature_zone": null, "is_self_scale_item": false, "is_weight_item": false, "is_available_in_all_stores": false, "is_batch_item": false}
{"id": 177208, "name": "AFFALDSPOSER 15 LTR", "underline": "90 STK. / REMA 1000", "age_limit": null, "hazard_precaution_statements": [], "labels": [{"id": 2, "name": "REMA1000", "image": "https://static-assets.digital.rema1000.dk/product/labels/2-64.webp"}], "description": "Antal  3 ruller à 30 stk. Må ikke bruges til fødevarer. Rumindhold  11 liter. Maks. rumindhold  15 liter. Længde  50 cm. Bredde   37 cm<br />", "info": "", "images": [{"small": "https://rema-product-images.digital.rema1000.dk/177208/1-small-NpP7ObyXPO.webp", "medium": "https://rema-product-images.digital.rema1000.dk/177208/1-medium-NpP7ObyXPO.webp", "large": "https://rema-product-images.digital.rema1000.dk/177208/1-large-NpP7ObyXPO.webp"}], "prices": [{"price": 13.85, "price_over_max_quantity": null, "max_quantity": null, "is_advertised": false, "is_campaign": false, "starting_at": "2024-12-12T00:00:00+00:00", "ending_at": "2099-12-31T00:00:00+00:00", "deposit": null, "compare_unit": "stk", "compare_unit_price": 0.15, "consumption_unit": null, "consumption_quantity": null}], "temperature_zone": null, "is_self_scale_item": false, "is_weight_item": false, "is_available_in_all_stores": true, "is_batch_item": false}
{"id": 177245, "name": "AFFALDSPOSER 20 LTR", "underline": "20 STK. / SKRALD-LET MED SNØRELUKKE", "age_limit": null, "hazard_precaution_statements": [], "labels": [{"id": 9001, "name": "Avisvare", "image": "https://static-assets.digital.rema1000.dk/product/labels/9001-64.webp"}], "description": "Bredde: 44 cm Længde: 50 cm", "info": "", "images": [{"small": "https://rema-product-images.digital.rema1000.dk/177245/1-small-ElPB6xRnPk.webp", "medium": "https://rema-product-images.digital.rema1000.dk/177245/1-medium-ElPB6xRnPk.webp", "large": "https://rema-product-images.digital.rema1000.dk/177245/1-large-ElPB6xRnPk.webp"}], "prices": [{"price": 5, "price_over_max_quantity": 9.95, "max_quantity": 6, "is_advertised": true, "is_campaign": true, "starting_at": "2025-08-17T00:00:00+00:00", "ending_at": "2025-08-23T00:00:00+00:00", "deposit": null, "compare_unit": "stk", "compare_unit_price": 0.25, "consumption_unit": null, "consumption_quantity": null}, {"price": 9.95, "price_over_max_quantity": null, "max_quantity": null, "is_advertised": false, "is_campaign": false, "starting_at": "2025-08-24T00:00:00+00:00", "ending_at": "2099-12-31T00:00:00+00:00", "deposit": null, "compare_unit": "stk", "compare_unit_price": 0.5, "consumption_unit": null, "consumption_quantity": null}], "temperature_zone": null, "is_self_scale_item": false, "is_weight_item": false, "is_available_in_all_stores": true, "is_batch_item": false}
{"id": 177247, "name": "AFFALDSPOSER 30 LTR", "underline": "15 STK. / SKRALD-LET MED GENBRUGSPLAST", "age_limit": null, "hazard_precaution_statements": [], "labels": [{"id": 9001, "name": "Avisvare", "image": "https://static-assets.digital.rema1000.dk/product/labels/9001-64.webp"}], "description": "Denne kraftige 30 liters SKRALD-let affaldspose har praktisk snørelukke, der er fæstnet i siden af posen. Posen er udført i robust materiale med patenterede forstærkede svejsninger for at sikre, at posen holder på både fugtigt og tungt indhold.", "info": "", "images": [{"small": "https://rema-product-images.digital.rema1000.dk/177247/1-small-3MoMBeE4q5.webp", "medium": "https://rema-product-images.digital.rema1000.dk/177247/1-medium-3MoMBeE4q5.webp", "large": "https://rema-product-images.digital.rema1000.dk/177247/1-large-3MoMBeE4q5.webp"}], "prices": [{"price": 5, "price_over_max_quantity": 9.95, "max_quantity": 6, "is_advertised": true, "is_campaign": true, "starting_at": "2025-08-17T00:00:00+00:00", "ending_at": "2025-08-23T00:00:00+00:00", "deposit": null, "compare_unit": "stk", "compare_unit_price": 0.33, "consumption_unit": null, "consumption_quantity": null}, {"price": 9.95, "price_over_max_quantity": null, "max_quantity": null, "is_advertised": false, "is_campaign": false, "starting_at": "2025-08-24T00:00:00+00:00", "ending_at": "2099-12-31T00:00:00+00:00", "deposit": null, "compare_unit": "stk", "compare_unit_price": 0.66, "consumption_unit": null, "consumption_quantity": null}], "temperature_zone": null, "is_self_scale_item": false, "is_weight_item": false, "is_available_in_all_stores": true, "is_batch_item": false}
{"id": 179631, "name": "VINKARTON", "underline": "1 STK. / TIL 1 FLASKE", "age_limit": null, "hazard_precaution_statements": [], "labels": [], "description": null, "info": "", "images": [{"small": "https://rema-product-images.digital.rema1000.dk/179631/1-small-01q21Dn4o7.webp", "medium": "https://rema-product-images.digital.rema1000.dk/179631/1-medium-01q21Dn4o7.webp", "large": "https://rema-product-images.digital.rema1000.dk/179631/1-large-01q21Dn4o7.webp"}], "prices": [{"price": 6, "price_over_max_quantity": null, "max_quantity": null, "is_advertised": false, "is_campaign": false, "starting_at": "2021-11-11T00:00:00+00:00", "ending_at": "2099-12-31T00:00:00+00:00", "deposit": null, "compare_unit": "stk", "compare_unit_price": 6, "consumption_unit": null, "consumption_quantity": null}], "temperature_zone": null, "is_self_scale_item": false, "is_weight_item": false, "is_available_in_all_stores": false, "is_batch_item": false}
{"id": 180055, "name": "HAVREGRYN FINVALSEDE", "underline": "1 KG. / REMA 1000, ØKOLOGISK", "age_limit": null, "hazard_precaution_statements": [], "labels": [{"id": 2, "name": "REMA1000", "image": "https://static-assets.digital.rema1000.dk/product/labels/2-64.webp"}, {"id": 5, "name": "Økologi", "image": "https://static-assets.digital.rema1000.dk/product/labels/5-64.webp"}, {"id": 6, "name": "Økologi", "image": "https://static-assets.digital.rema1000.dk/product/labels/6-64.webp"}, {"id": 40, "name": "Nøglehul", "image": "https://static-assets.digital.rema1000.dk/product/labels/40-64.webp"}, {"id": 43, "name": "Fuldkorn", "image": "https://static-assets.digital.rema1000.dk/product/labels/43-64.webp"}], "description": null, "info": "", "images": [{"small": "https://rema-product-images.digital.rema1000.dk/180055/1-small-A5qV6dglqa.webp", "medium": "https://rema-product-images.digital.rema1000.dk/180055/1-medium-A5qV6dglqa.webp", "large": "https://rema-product-images.digital.rema1000.dk/180055/1-large-A5qV6dglqa.webp"}], "prices": [{"price": 11.95, "price_over_max_quantity": null, "max_quantity": null, "is_advertised": false, "is_campaign": false, "starting_at": "2023-01-28T00:00:00+00:00", "ending_at": "2099-12-31T00:00:00+00:00", "deposit": null, "compare_unit": "kg", "compare_unit_price": 11.95, "consumption_unit": null, "consumption_quantity": null}], "temperature_zone": null, "is_self_scale_item": false, "is_weight_item": false, "is_available_in_all_stores": true, "is_batch_item": false}
{"id": 180056, "name": "HAVREGRYN GROVVALSEDE", "underline": "1 KG. / REMA 1000", "age_limit": null, "hazard_precaution_statements": [], "labels": [{"id": 2, "name": "REMA1000", "image": "https://static-assets.digital.rema1000.dk/product/labels/2-64.webp"}, {"id": 40, "name": "Nøglehul", "image": "https://static-assets.digital.rema1000.dk/product/labels/40-64.webp"}, {"id": 43, "name": "Fuldkorn", "image": "https://static-assets.digital.rema1000.dk/product/labels/43-64.webp"}], "description": null, "info": "", "images": [{"small": "https://rema-product-images.digital.rema1000.dk/180056/1-small-18oXwgyJPk.webp", "medium": "https://rema-product-images.digital.rema1000.dk/180056/1-medium-18oXwgyJPk.webp", "large": "https://rema-product-images.digital.rema1000.dk/180056/1-large-18oXwgyJPk.webp"}], "prices": [{"price": 13.95, "price_over_max_quantity": null, "max_quantity": null, "is_advertised": false, "is_campaign": false, "starting_at": "2023-01-12T00:00:00+00:00", "ending_at": "2099-12-31T00:00:00+00:00", "deposit": null, "compare_unit": "kg", "compare_unit_price": 13.95, "consumption_unit": null, "consumption_quantity": null}], "temperature_zone": null, "is_self_scale_item": false, "is_weight_item": false, "is_available_in_all_stores": true, "is_batch_item": false}
{"id": 180108, "name": "COCOA CRUNCHERS", "underline": "600 GR. / 7-MORGEN", "age_limit": null, "hazard_precaution_statements": [], "labels": [{"id": 9001, "name": "Avisvare", "image": "https://static-assets.digital.rema1000.dk/product/labels/9001-64.webp"}], "description": null, "info": "", "images": [{"small": "https://rema-product-images.digital.rema1000.dk/180108/1-small-NpP7OrkvPO.webp", "medium": "https://rema-product-images.digital.rema1000.dk/180108/1-medium-NpP7OrkvPO.webp", "large": "https://rema-product-images.digital.rema1000.dk/180108/1-large-NpP7OrkvPO.webp"}], "prices": [{"price": 20, "price_over_max_quantity": null, "max_quantity": null, "is_advertised": true, "is_campaign": false, "starting_at": "2025-08-17T00:00:00+00:00", "ending_at": "2025-09-17T00:00:00+00:00", "deposit": null, "compare_unit": "kg", "compare_unit_price": 33.33, "consumption_unit": null, "consumption_quantity": null}], "temperature_zone": null, "is_self_scale_item": false, "is_weight_item": false, "is_available_in_all_stores": true, "is_batch_item": true}
{"id": 180109, "name": "COCOA BALLS", "underline": "600 GR. / 7-MORGEN", "age_limit": null, "hazard_precaution_statements": [], "labels": [{"id": 9001, "name": "Avisvare", "image": "https://static-assets.digital.rema1000.dk/product/labels/9001-64.webp"}], "description": null, "info": "", "images": [{"small": "https://rema-product-images.digital.rema1000.dk/180109/1-small-aboKMg8v9p.webp", "medium": "https://rema-product-images.digital.rema1000.dk/180109/1-medium-aboKMg8v9p.webp", "large": "https://rema-product-images.digital.rema1000.dk/180109/1-large-aboKMg8v9p.webp"}], "prices": [{"price": 20, "price_over_max_quantity": null, "max_quantity": null, "is_advertised": true, "is_campaign": true, "starting_at": "2025-08-17T00:00:00+00:00", "ending_at": "2025-08-23T00:00:00+00:00", "deposit": null, "compare_unit": "kg", "compare_unit_price": 33.33, "consumption_unit": null, "consumption_quantity": null}, {"price": 29.95, "price_over_max_quantity": null, "max_quantity": null, "is_advertised": false, "is_campaign": false, "starting_at": "2025-08-24T00:00:00+00:00", "ending_at": "2099-12-31T00:00:00+00:00", "deposit": null, "compare_unit": "kg", "compare_unit_price": 49.92, "consumption_unit": null, "consumption_quantity": null}], "temperature_zone": null, "is_self_scale_item": false, "is_weight_item": false, "is_available_in_all_stores": true, "is_batch_item": false}
{"id": 180127, "name": "GRANOLA MED BÆR", "underline": "450 GR. / GRAM SLOT", "age_limit": null, "hazard_precaution_statements": [], "labels": [{"id": 5, "name": "Økologi", "image": "https://static-assets.digital.rema1000.dk/product/labels/5-64.webp"}, {"id": 6, "name": "Økologi", "image": "https://static-assets.digital.rema1000.dk/product/labels/6-64.webp"}, {"id": 39, "name": "Gram slot", "image": "https://static-assets.digital.rema1000.dk/product/labels/39-64.webp"}], "description": "REMA 1000 er medejer af et af Danmarks største økologiske landbrug, Gram Slot, som dagligt leverer bl.a. økologisk mælk, kartofler, mel og havregryn til REMA 1000s butikker. På Gram Slot er dyrevelfærd i højsædet, ligesom Jorden ved Gram Slot dyrkes med stor respekt og omtanke.<br /><br />Denne økologiske granola er blandet af rug, hvede og havre, som er dyrket økologisk af Gram Slot. Vi har kælet for smagen og givet granolaen et pift ved at tilsætte økologiske sure kirsebær, solbær, blåbær og brombær. De tilsatte ingredienser er økologiske, men ikke dyrket af Gram Slot.", "info": "", "images": [{"small": "https://rema-product-images.digital.rema1000.dk/180127/1-small-OW9OzgVYqg.webp", "medium": "https://rema-product-images.digital.rema1000.dk/180127/1-medium-OW9OzgVYqg.webp", "large": "https://rema-product-images.digital.rema1000.dk/180127/1-large-OW9OzgVYqg.webp"}], "prices": [{"price": 28.95, "price_over_max_quantity": null, "max_quantity": null, "is_advertised": false, "is_campaign": false, "starting_at": "2025-08-01T00:00:00+00:00", "ending_at": "2099-12-31T00:00:00+00:00", "deposit": null, "compare_unit": "kg", "compare_unit_price": 64.33, "consumption_unit": null, "consumption_quantity": null}], "temperature_zone": null, "is_self_scale_item": false, "is_weight_item": false, "is_available_in_all_stores": true, "is_batch_item": false}
{"id": 180175, "name": "GRANOLA M/CHOKOLADE OG KOKOS", "underline": "350 GR. / EASIS", "age_limit": null, "hazard_precaution_statements": [], "labels": [{"id": 31, "name": "Ikke tilsat sukker", "image": "https://static-assets.digital.rema1000.dk/product/labels/31-64.webp"}], "description": null, "info": "", "images": [{"small": "https://rema-product-images.digital.rema1000.dk/180175/1-small-01q2171eo7.webp", "medium": "https://rema-product-images.digital.rema1000.dk/180175/1-medium-01q2171eo7.webp", "large": "https://rema-product-images.digital.rema1000.dk/180175/1-large-01q2171eo7.webp"}], "prices": [{"price": 29.95, "price_over_max_quantity": null, "max_quantity": null, "is_advertised": false, "is_campaign": false, "starting_at": "2024-09-26T00:00:00+00:00", "ending_at": "2099-12-31T00:00:00+00:00", "deposit": null, "compare_unit": "kg", "compare_unit_price": 85.57, "consumption_unit": null, "consumption_quantity": null}], "temperature_zone": null, "is_self_scale_item": false, "is_weight_item": false, "is_available_in_all_stores": true, "is_batch_item": false}
{"id": 180200, "name": "GRANOLA CHOKOLADE", "underline": "500 GR. / REMA 1000", "age_limit": null, "hazard_precaution_statements": [], "labels": [{"id": 2, "name": "REMA1000", "image": "https://static-assets.digital.rema1000.dk/product/labels/2-64.webp"}], "description": null, "info": "", "images": [{"small": "https://rema-product-images.digital.rema1000.dk/180200/1-small-xePwB0R19w.webp", "medium": "https://rema-product-images.digital.rema1000.dk/180200/1-medium-xePwB0R19w.webp", "large": "https://rema-product-images.digital.rema1000.dk/180200/1-large-xePwB0R19w.webp"}], "prices": [{"price": 29.95, "price_over_max_quantity": null, "max_quantity": null, "is_advertised": false, "is_campaign": false, "starting_at": "2025-02-19T00:00:00+00:00", "ending_at": "2099-12-31T00:00:00+00:00", "deposit": null, "compare_unit": "kg", "compare_unit_price": 59.9, "consumption_unit": null, "consumption_quantity": null}], "temperature_zone": null, "is_self_scale_item": false, "is_weight_item": false, "is_available_in_all_stores": true, "is_batch_item": false}
{"id": 180201, "name": "GRANOLA NØDDER", "underline": "500 GR. / REMA 1000", "age_limit": null, "hazard_precaution_statements": [], "labels": [{"id": 2, "name": "REMA1000", "image": "https://static-assets.digital.rema1000.dk/product/labels/2-64.webp"}], "description": null, "info": "", "images": [{"small": "https://rema-product-images.digital.rema1000.dk/180201/1-small-ElPB6YxQPk.webp", "medium": "https://rema-product-images.digital.rema1000.dk/180201/1-medium-ElPB6YxQPk.webp", "large": "https://rema-product-images.digital.rema1000.dk/180201/1-large-ElPB6YxQPk.webp"}], "prices": [{"price": 29.95, "price_over_max_quantity": null, "max_quantity": null, "is_advertised": false, "is_campaign": false, "starting_at": "2025-02-19T00:00:00+00:00", "ending_at": "2099-12-31T00:00:00+00:00", "deposit": null, "compare_unit": "kg", "compare_unit_price": 59.9, "consumption_unit": null, "consumption_quantity": null}], "temperature_zone": null, "is_self_scale_item": false, "is_weight_item": false, "is_available_in_all_stores": true, "is_batch_item": false}
{"id": 180231, "name": "SOLGRYN", "underline": "700 GR. / OTA", "age_limit": null, "hazard_precaution_statements": [], "labels": [{"id": 40, "name": "Nøglehul", "image": "https://static-assets.digital.rema1000.dk/product/labels/40-64.webp"}, {"id": 43, "name": "Fuldkorn", "image": "https://static-assets.digital.rema1000.dk/product/labels/43-64.webp"}], "description": null, "info": "", "images": [{"small": "https://rema-product-images.digital.rema1000.dk/180231/1-small-01q217Dbo7.webp", "medium": "https://rema-product-images.digital.rema1000.dk/180231/1-medium-01q217Dbo7.webp", "large": "https://rema-product-images.digital.rema1000.dk/180231/1-large-01q217Dbo7.webp"}], "prices": [{"price": 19.95, "price_over_max_quantity": null, "max_quantity": null, "is_advertised": false, "is_campaign": false, "starting_at": "2023-01-05T00:00:00+00:00", "ending_at": "2025-09-06T00:00:00+00:00", "deposit": null, "compare_unit": "kg", "compare_unit_price": 28.5, "consumption_unit": null, "consumption_quantity": null}], "temperature_zone": null, "is_self_scale_item": false, "is_weight_item": false, "is_available_in_all_stores": true, "is_batch_item": false}
{"id": 180716, "name": "CORNFLAKES", "underline": "750 GR. / REMA 1000", "age_limit": null, "hazard_precaution_statements": [], "labels": [{"id": 2, "name": "REMA1000", "image": "https://static-assets.digital.rema1000.dk/product/labels/2-64.webp"}], "description": null, "info": "", "images": [{"small": "https://rema-product-images.digital.rema1000.dk/180716/1-small-6xqAxO4joD.webp", "medium": "https://rema-product-images.digital.rema1000.dk/180716/1-medium-6xqAxO4joD.webp", "large": "https://rema-product-images.digital.rema1000.dk/180716/1-large-6xqAxO4joD.webp"}], "prices": [{"price": 22, "price_over_max_quantity": null, "max_quantity": null, "is_advertised": false, "is_campaign": false, "starting_at": "2023-01-05T00:00:00+00:00", "ending_at": "2099-12-31T00:00:00+00:00", "deposit": null, "compare_unit": "kg", "compare_unit_price": 29.33, "consumption_unit": null, "consumption_quantity": null}], "temperature_zone": null, "is_self_scale_item": false, "is_weight_item": false, "is_available_in_all_stores": true, "is_batch_item": false}
{"id": 180911, "name": "COCO POPS CHOCOS", "underline": "330 GR. / KELLOGG'S", "age_limit": null, "hazard_precaution_statements": [], "labels": [], "description": null, "info": "", "images": [{"small": "https://rema-product-images.digital.rema1000.dk/180911/1-small-A5qV6d3Mqa.webp", "medium": "https://rema-product-images.digital.rema1000.dk/180911/1-medium-A5qV6d3Mqa.webp", "large": "https://rema-product-images.digital.rema1000.dk/180911/1-large-A5qV6d3Mqa.webp"}], "prices": [{"price": 44.95, "price_over_max_quantity": null, "max_quantity": null, "is_advertised": false, "is_campaign": false, "starting_at": "2025-07-01T00:00:00+00:00", "ending_at": "2025-08-23T00:00:00+00:00", "deposit": null, "compare_unit": "kg", "compare_unit_price": 136.21, "consumption_unit": null, "consumption_quantity": null}], "temperature_zone": null, "is_self_scale_item": false, "is_weight_item": false, "is_available_in_all_stores": true, "is_batch_item": false}
{"id": 181014, "name": "GULDKORN", "underline": "320 GR.", "age_limit": null, "hazard_precaution_statements": [], "labels": [], "description": "Guldkorn er sprød og velsmagende morgenmad, som har været en klassiker på det danske morgenbord siden 1956. De populære Guldkorn består af poppede hvedekorn med overtræk af sukker og honning. Guldkorn er et sikkert hit hos både børn og voksne.", "info": "", "images": [{"small": "https://rema-product-images.digital.rema1000.dk/181014/1-small-3MovwQMmqA.webp", "medium": "https://rema-product-images.digital.rema1000.dk/181014/1-medium-3MovwQMmqA.webp", "large": "https://rema-product-images.digital.rema1000.dk/181014/1-large-3MovwQMmqA.webp"}], "prices": [{"price": 34.95, "price_over_max_quantity": null, "max_quantity": null, "is_advertised": false, "is_campaign": false, "starting_at": "2023-02-09T00:00:00+00:00", "ending_at": "2099-12-31T00:00:00+00:00", "deposit": null, "compare_unit": "kg", "compare_unit_price": 109.22, "consumption_unit": null, "consumption_quantity": null}], "temperature_zone": null, "is_self_scale_item": false, "is_weight_item": false, "is_available_in_all_stores": true, "is_batch_item": false}
{"id": 181016, "name": "MUSLI", "underline": "600 GR. / GRAM SLOT", "age_limit": null, "hazard_precaution_statements": [], "labels": [{"id": 5, "name": "Økologi", "image": "https://static-assets.digital.rema1000.dk/product/labels/5-64.webp"}, {"id": 6, "name": "Økologi", "image": "https://static-assets.digital.rema1000.dk/product/labels/6-64.webp"}, {"id": 39, "name": "Gram slot", "image": "https://static-assets.digital.rema1000.dk/product/labels/39-64.webp"}, {"id": 40, "name": "Nøglehul", "image": "https://static-assets.digital.rema1000.dk/product/labels/40-64.webp"}, {"id": 43, "name": "Fuldkorn", "image": "https://static-assets.digital.rema1000.dk/product/labels/43-64.webp"}], "description": "<br /> REMA 1000 er medejer af et af Danmarks største økologiske landbrug, Gram Slot, som dagligt leverer bl.a. økologisk mælk, kartofler, mel og havregryn til REMA 1000s butikker.  På Gram Slot er dyrevelfærd i højsædet, ligesom Jorden ved Gram Slot dyrkes med stor respekt og omtanke.<br /> <br /> Denne økologiske mysli er blandet af havre, hvede og rug, som er dyrket økologisk af Gram Slot. Vi har kælet for smagen og givet myslien et pift ved at tilsætte rosiner, græskarkerner, hasselnødder, tranebær og æbler. De tilsatte ingredienser er økologiske, men ikke dyrket af Gram Slot.<br /> <br />", "info": "", "images": [{"small": "https://rema-product-images.digital.rema1000.dk/181016/1-small-6xqAxOMWoD.webp", "medium": "https://rema-product-images.digital.rema1000.dk/181016/1-medium-6xqAxOMWoD.webp", "large": "https://rema-product-images.digital.rema1000.dk/181016/1-large-6xqAxOMWoD.webp"}], "prices": [{"price": 28.95, "price_over_max_quantity": null, "max_quantity": null, "is_advertised": false, "is_campaign": false, "starting_at": "2025-08-01T00:00:00+00:00", "ending_at": "2099-12-31T00:00:00+00:00", "deposit": null, "compare_unit": "kg", "compare_unit_price": 48.25, "consumption_unit": null, "consumption_quantity": null}], "temperature_zone": null, "is_self_scale_item": false, "is_weight_item": false, "is_available_in_all_stores": true, "is_batch_item": false}
{"id": 181030, "name": "HAVREGRYN", "underline": "1 KG. / REMA 1000 GLUTENFRI", "age_limit": null, "hazard_precaution_statements": [], "labels": [{"id": 2, "name": "REMA1000", "image": "https://static-assets.digital.rema1000.dk/product/labels/2-64.webp"}, {"id": 5, "name": "Økologi", "image": "https://static-assets.digital.rema1000.dk/product/labels/5-64.webp"}, {"id": 6, "name": "Økologi", "image": "https://static-assets.digital.rema1000.dk/product/labels/6-64.webp"}, {"id": 38, "name": "Gluten fri", "image": "https://static-assets.digital.rema1000.dk/product/labels/38-64.webp"}, {"id": 40, "name": "Nøglehul", "image": "https://static-assets.digital.rema1000.dk/product/labels/40-64.webp"}, {"id": 43, "name": "Fuldkorn", "image": "https://static-assets.digital.rema1000.dk/product/labels/43-64.webp"}], "description": "Glutenfri økologisk finvalsede havregryn", "info": "", "images": [{"small": "https://rema-product-images.digital.rema1000.dk/181030/1-small-869D6KrYoM.webp", "medium": "https://rema-product-images.digital.rema1000.dk/181030/1-medium-869D6KrYoM.webp", "large": "https://rema-product-images.digital.rema1000.dk/181030/1-large-869D6KrYoM.webp"}], "prices": [{"price": 21.95, "price_over_max_quantity": null, "max_quantity": null, "is_advertised": false, "is_campaign": false, "starting_at": "2017-02-09T00:00:00+00:00", "ending_at": "2099-12-31T00:00:00+00:00", "deposit": null, "compare_unit": "kg", "compare_unit_price": 21.95, "consumption_unit": null, "consumption_quantity": null}], "temperature_zone": null, "is_self_scale_item": false, "is_weight_item": false, "is_available_in_all_stores": true, "is_batch_item": false}
{"id": 181050, "name": "HAVRE FRAS", "underline": "375 GR.", "age_limit": null, "hazard_precaution_statements": [], "labels": [{"id": 40, "name": "Nøglehul", "image": "https://static-assets.digital.rema1000.dk/product/labels/40-64.webp"}, {"id": 43, "name": "Fuldkorn", "image": "https://static-assets.digital.rema1000.dk/product/labels/43-64.webp"}], "description": null, "info": "", "images": [{"small": "https://rema-product-images.digital.rema1000.dk/181050/1-small-vVorQg7WP3.webp", "medium": "https://rema-product-images.digital.rema1000.dk/181050/1-medium-vVorQg7WP3.webp", "large": "https://rema-product-images.digital.rema1000.dk/181050/1-large-vVorQg7WP3.webp"}], "prices": [{"price": 39.95, "price_over_max_quantity": null, "max_quantity": null, "is_advertised": false, "is_campaign": false, "starting_at": "2025-02-01T00:00:00+00:00", "ending_at": "2025-09-06T00:00:00+00:00", "deposit": null, "compare_unit": "kg", "compare_unit_price": 106.53, "consumption_unit": null, "consumption_quantity": null}], "temperature_zone": null, "is_self_scale_item": false, "is_weight_item": false, "is_available_in_all_stores": true, "is_batch_item": false}
{"id": 181052, "name": "MINI FRAS", "underline": "350 GR. / HAVRE & MAJS", "age_limit": null, "hazard_precaution_statements": [], "labels": [{"id": 40, "name": "Nøglehul", "image": "https://static-assets.digital.rema1000.dk/product/labels/40-64.webp"}, {"id": 43, "name": "Fuldkorn", "image": "https://static-assets.digital.rema1000.dk/product/labels/43-64.webp"}], "description": null, "info": "", "images": [{"small": "https://rema-product-images.digital.rema1000.dk/181052/1-small-NpP7OrRVPO.webp", "medium": "https://rema-product-images.digital.rema1000.dk/181052/1-medium-NpP7OrRVPO.webp", "large": "https://rema-product-images.digital.rema1000.dk/181052/1-large-NpP7OrRVPO.webp"}], "prices": [{"price": 34.95, "price_over_max_quantity": null, "max_quantity": null, "is_advertised": false, "is_campaign": false, "starting_at": "2025-02-13T00:00:00+00:00", "ending_at": "2025-09-06T00:00:00+00:00", "deposit": null, "compare_unit": "kg", "compare_unit_price": 99.86, "consumption_unit": null, "consumption_quantity": null}], "temperature_zone": null, "is_self_scale_item": false, "is_weight_item": false, "is_available_in_all_stores": true, "is_batch_item": false}
{"id": 181060, "name": "RUGFRAS", "underline": "375 GR.", "age_limit": null, "hazard_precaution_statements": [], "labels": [{"id": 40, "name": "Nøglehul", "image": "https://static-assets.digital.rema1000.dk/product/labels/40-64.webp"}, {"id": 43, "name": "Fuldkorn", "image": "https://static-assets.digital.rema1000.dk/product/labels/43-64.webp"}], "description": null, "info": "", "images": [{"small": "https://rema-product-images.digital.rema1000.dk/181060/1-small-6xqAxOyWoD.webp", "medium": "https://rema-product-images.digital.rema1000.dk/181060/1-medium-6xqAxOyWoD.webp", "large": "https://rema-product-images.digital.rema1000.dk/181060/1-large-6xqAxOyWoD.webp"}], "prices": [{"price": 39.95, "price_over_max_quantity": null, "max_quantity": null, "is_advertised": false, "is_campaign": false, "starting_at": "2025-02-01T00:00:00+00:00", "ending_at": "2025-09-06T00:00:00+00:00", "deposit": null, "compare_unit": "kg", "compare_unit_price": 106.53, "consumption_unit": null, "consumption_quantity": null}], "temperature_zone": null, "is_self_scale_item": false, "is_weight_item": false, "is_available_in_all_stores": true, "is_batch_item": false}
{"id": 181106, "name": "CHEERIOS OAT", "underline": "375 GR. / NESTLE", "age_limit": null, "hazard_precaution_statements": [], "labels": [{"id": 40, "name": "Nøglehul", "image": "https://static-assets.digital.rema1000.dk/product/labels/40-64.webp"}, {"id": 43, "name": "Fuldkorn", "image": "https://static-assets.digital.rema1000.dk/product/labels/43-64.webp"}], "description": null, "info": "", "images": [{"small": "https://rema-product-images.digital.rema1000.dk/181106/1-small-vVorQgRQP3.webp", "medium": "https://rema-product-images.digital.rema1000.dk/181106/1-medium-vVorQgRQP3.webp", "large": "https://rema-product-images.digital.rema1000.dk/181106/1-large-vVorQgRQP3.webp"}], "prices": [{"price": 34.95, "price_over_max_quantity": null, "max_quantity": null, "is_advertised": false, "is_campaign": false, "starting_at": "2022-07-07T00:00:00+00:00", "ending_at": "2025-09-06T00:00:00+00:00", "deposit": null, "compare_unit": "kg", "compare_unit_price": 93.2, "consumption_unit": null, "consumption_quantity": null}], "temperature_zone": null, "is_self_scale_item": false, "is_weight_item": false, "is_available_in_all_stores": true, "is_batch_item": false}
{"id": 181110, "name": "CHEERIOS MULTIGRAIN", "underline": "375 GR. / NESTLE", "age_limit": null, "hazard_precaution_statements": [], "labels": [], "description": null, "info": "", "images": [{"small": "https://rema-product-images.digital.rema1000.dk/181110/1-small-Al903MJDq8.webp", "medium": "https://rema-product-images.digital.rema1000.dk/181110/1-medium-Al903MJDq8.webp", "large": "https://rema-product-images.digital.rema1000.dk/181110/1-large-Al903MJDq8.webp"}], "prices": [{"price": 34.95, "price_over_max_quantity": null, "max_quantity": null, "is_advertised": false, "is_campaign": false, "starting_at": "2022-07-07T00:00:00+00:00", "ending_at": "2025-09-03T00:00:00+00:00", "deposit": null, "compare_unit": "kg", "compare_unit_price": 93.2, "consumption_unit": null, "consumption_quantity": null}], "temperature_zone": null, "is_self_scale_item": false, "is_weight_item": false, "is_available_in_all_stores": true, "is_batch_item": false}
{"id": 181113, "name": "FITNESS", "underline": "375 GR. / NESTLE", "age_limit": null, "hazard_precaution_statements": [], "labels": [{"id": 40, "name": "Nøglehul", "image": "https://static-assets.digital.rema1000.dk/product/labels/40-64.webp"}], "description": null, "info": "", "images": [{"small": "https://rema-product-images.digital.rema1000.dk/181113/1-small-wyPb0LEQqE.webp", "medium": "https://rema-product-images.digital.rema1000.dk/181113/1-medium-wyPb0LEQqE.webp", "large": "https://rema-product-images.digital.rema1000.dk/181113/1-large-wyPb0LEQqE.webp"}], "prices": [{"price": 34.95, "price_over_max_quantity": null, "max_quantity": null, "is_advertised": false, "is_campaign": false, "starting_at": "2025-03-04T00:00:00+00:00", "ending_at": "2025-09-03T00:00:00+00:00", "deposit": null, "compare_unit": "kg", "compare_unit_price": 93.2, "consumption_unit": null, "consumption_quantity": null}], "temperature_zone": null, "is_self_scale_item": false, "is_weight_item": false, "is_available_in_all_stores": true, "is_batch_item": false}
{"id": 181621, "name": "FRUGT MYSLI", "underline": "1 KG. / REMA 1000", "age_limit": null, "hazard_precaution_statements": [], "labels": [{"id": 2, "name": "REMA1000", "image": "https://static-assets.digital.rema1000.dk/product/labels/2-64.webp"}], "description": null, "info": "", "images": [{"small": "https://rema-product-images.digital.rema1000.dk/181621/1-small-bJ9YBp2nPL.webp", "medium": "https://rema-product-images.digital.rema1000.dk/181621/1-medium-bJ9YBp2nPL.webp", "large": "https://rema-product-images.digital.rema1000.dk/181621/1-large-bJ9YBp2nPL.webp"}], "prices": [{"price": 24.95, "price_over_max_quantity": null, "max_quantity": null, "is_advertised": false, "is_campaign": false, "starting_at": "2022-10-06T00:00:00+00:00", "ending_at": "2099-12-31T00:00:00+00:00", "deposit": null, "compare_unit": "kg", "compare_unit_price": 24.95, "consumption_unit": null, "consumption_quantity": null}], "temperature_zone": null, "is_self_scale_item": false, "is_weight_item": false, "is_available_in_all_stores": true, "is_batch_item": false}
{"id": 181624, "name": "CHOKO MYSLI", "underline": "750 GR. / REMA 1000", "age_limit": null, "hazard_precaution_statements": [], "labels": [{"id": 2, "name": "REMA1000", "image": "https://static-assets.digital.rema1000.dk/product/labels/2-64.webp"}], "description": "Ristet müsli med 4% chokoladestykker", "info": "", "images": [{"small": "https://rema-product-images.digital.rema1000.dk/181624/1-small-vXodR3ge93.webp", "medium": "https://rema-product-images.digital.rema1000.dk/181624/1-medium-vXodR3ge93.webp", "large": "https://rema-product-images.digital.rema1000.dk/181624/1-large-vXodR3ge93.webp"}], "prices": [{"price": 24.95, "price_over_max_quantity": null, "max_quantity": null, "is_advertised": false, "is_campaign": false, "starting_at": "2022-10-06T00:00:00+00:00", "ending_at": "2099-12-31T00:00:00+00:00", "deposit": null, "compare_unit": "kg", "compare_unit_price": 33.27, "consumption_unit": null, "consumption_quantity": null}], "temperature_zone": null, "is_self_scale_item": false, "is_weight_item": false, "is_available_in_all_stores": true, "is_batch_item": false}
{"id": 181625, "name": "KIRSEBÆR MÜSLI", "underline": "350 GR. / GRANOLA", "age_limit": null, "hazard_precaution_statements": [], "labels": [], "description": null, "info": "", "images": [{"small": "https://rema-product-images.digital.rema1000.dk/181625/1-small-Ea91k53Woz.webp", "medium": "https://rema-product-images.digital.rema1000.dk/181625/1-medium-Ea91k53Woz.webp", "large": "https://rema-product-images.digital.rema1000.dk/181625/1-large-Ea91k53Woz.webp"}], "prices": [{"price": 24.95, "price_over_max_quantity": null, "max_quantity": null, "is_advertised": false, "is_campaign": false, "starting_at": "2024-09-01T00:00:00+00:00", "ending_at": "2099-12-31T00:00:00+00:00", "deposit": null, "compare_unit": "kg", "compare_unit_price": 71.29, "consumption_unit": null, "consumption_quantity": null}], "temperature_zone": null, "is_self_scale_item": false, "is_weight_item": false, "is_available_in_all_stores": true, "is_batch_item": false}
{"id": 181810, "name": "ØLLEBRØDSPULVER", "underline": "500 GR. / STRUER", "age_limit": null, "hazard_precaution_statements": [], "labels": [], "description": null, "info": "", "images": [{"small": "https://rema-product-images.digital.rema1000.dk/181810/1-small-Al903ML3q8.webp", "medium": "https://rema-product-images.digital.rema1000.dk/181810/1-medium-Al903ML3q8.webp", "large": "https://rema-product-images.digital.rema1000.dk/181810/1-large-Al903ML3q8.webp"}], "prices": [{"price": 17.95, "price_over_max_quantity": null, "max_quantity": null, "is_advertised": false, "is_campaign": false, "starting_at": "2022-12-01T00:00:00+00:00", "ending_at": "2099-12-31T00:00:00+00:00", "deposit": null, "compare_unit": "kg", "compare_unit_price": 35.9, "consumption_unit": null, "consumption_quantity": null}], "temperature_zone": null, "is_self_scale_item": false, "is_weight_item": false, "is_available_in_all_stores": true, "is_batch_item": false}
{"id": 182085, "name": "GOLD ORIGINAL MÜSLI", "underline": "750 GR. / AXA", "age_limit": null, "hazard_precaution_statements": [], "labels": [], "description": null, "info": "", "images": [{"small": "https://rema-product-images.digital.rema1000.dk/182085/1-small-we9E3n38og.webp", "medium": "https://rema-product-images.digital.rema1000.dk/182085/1-medium-we9E3n38og.webp", "large": "https://rema-product-images.digital.rema1000.dk/182085/1-large-we9E3n38og.webp"}], "prices": [{"price": 44.95, "price_over_max_quantity": null, "max_quantity": null, "is_advertised": false, "is_campaign": false, "starting_at": "2025-05-01T00:00:00+00:00", "ending_at": "2099-12-31T00:00:00+00:00", "deposit": null, "compare_unit": "kg", "compare_unit_price": 59.93, "consumption_unit": null, "consumption_quantity": null}], "temperature_zone": null, "is_self_scale_item": false, "is_weight_item": false, "is_available_in_all_stores": true, "is_batch_item": false}
{"id": 182151, "name": "CRUESLI DARK CHOCO", "underline": "450 GR. / QUAKER", "age_limit": null, "hazard_precaution_statements": [], "labels": [], "description": null, "info": "", "images": [{"small": "https://rema-product-images.digital.rema1000.dk/182151/1-small-v09gQgj0oA.webp", "medium": "https://rema-product-images.digital.rema1000.dk/182151/1-medium-v09gQgj0oA.webp", "large": "https://rema-product-images.digital.rema1000.dk/182151/1-large-v09gQgj0oA.webp"}], "prices": [{"price": 42.5, "price_over_max_quantity": null, "max_quantity": null, "is_advertised": false, "is_campaign": false, "starting_at": "2025-08-17T00:00:00+00:00", "ending_at": "2099-12-31T00:00:00+00:00", "deposit": null, "compare_unit": "kg", "compare_unit_price": 94.44, "consumption_unit": null, "consumption_quantity": null}], "temperature_zone": null, "is_self_scale_item": false, "is_weight_item": false, "is_available_in_all_stores": true, "is_batch_item": false}
{"id": 183030, "name": "MÜSLI", "underline": "600 GR. / EASIS", "age_limit": null, "hazard_precaution_statements": [], "labels": [{"id": 31, "name": "Ikke tilsat sukker", "image": "https://static-assets.digital.rema1000.dk/product/labels/31-64.webp"}, {"id": 40, "name": "Nøglehul", "image": "https://static-assets.digital.rema1000.dk/product/labels/40-64.webp"}], "description": null, "info": "", "images": [{"small": "https://rema-product-images.digital.rema1000.dk/183030/1-small-869D6ByeoM.webp", "medium": "https://rema-product-images.digital.rema1000.dk/183030/1-medium-869D6ByeoM.webp", "large": "https://rema-product-images.digital.rema1000.dk/183030/1-large-869D6ByeoM.webp"}], "prices": [{"price": 29.95, "price_over_max_quantity": null, "max_quantity": null, "is_advertised": false, "is_campaign": false, "starting_at": "2024-08-01T00:00:00+00:00", "ending_at": "2099-12-31T00:00:00+00:00", "deposit": null, "compare_unit": "kg", "compare_unit_price": 49.92, "consumption_unit": null, "consumption_quantity": null}], "temperature_zone": null, "is_self_scale_item": false, "is_weight_item": false, "is_available_in_all_stores": true, "is_batch_item": false}
{"id": 183035, "name": "CORN FLAKES", "underline": "375 GR. / EASIS", "age_limit": null, "hazard_precaution_statements": [], "labels": [{"id": 31, "name": "Ikke tilsat sukker", "image": "https://static-assets.digital.rema1000.dk/product/labels/31-64.webp"}, {"id": 38, "name": "Gluten fri", "image": "https://static-assets.digital.rema1000.dk/product/labels/38-64.webp"}, {"id": 40, "name": "Nøglehul", "image": "https://static-assets.digital.rema1000.dk/product/labels/40-64.webp"}], "description": null, "info": "", "images": [{"small": "https://rema-product-images.digital.rema1000.dk/183035/1-small-Gb9k63rNq7.webp", "medium": "https://rema-product-images.digital.rema1000.dk/183035/1-medium-Gb9k63rNq7.webp", "large": "https://rema-product-images.digital.rema1000.dk/183035/1-large-Gb9k63rNq7.webp"}], "prices": [{"price": 26.95, "price_over_max_quantity": null, "max_quantity": null, "is_advertised": false, "is_campaign": false, "starting_at": "2024-08-01T00:00:00+00:00", "ending_at": "2099-12-31T00:00:00+00:00", "deposit": null, "compare_unit": "kg", "compare_unit_price": 71.87, "consumption_unit": null, "consumption_quantity": null}], "temperature_zone": null, "is_self_scale_item": false, "is_weight_item": false, "is_available_in_all_stores": false, "is_batch_item": false}
{"id": 183042, "name": "CHOKO CRUNCH", "underline": "350 GR. / EASIS", "age_limit": null, "hazard_precaution_statements": [], "labels": [{"id": 31, "name": "Ikke tilsat sukker", "image": "https://static-assets.digital.rema1000.dk/product/labels/31-64.webp"}], "description": null, "info": "", "images": [{"small": "https://rema-product-images.digital.rema1000.dk/183042/1-small-A4PylAzl9L.webp", "medium": "https://rema-product-images.digital.rema1000.dk/183042/1-medium-A4PylAzl9L.webp", "large": "https://rema-product-images.digital.rema1000.dk/183042/1-large-A4PylAzl9L.webp"}], "prices": [{"price": 29.95, "price_over_max_quantity": null, "max_quantity": null, "is_advertised": false, "is_campaign": false, "starting_at": "2024-08-01T00:00:00+00:00", "ending_at": "2099-12-31T00:00:00+00:00", "deposit": null, "compare_unit": "kg", "compare_unit_price": 85.57, "consumption_unit": null, "consumption_quantity": null}], "temperature_zone": null, "is_self_scale_item": false, "is_weight_item": false, "is_available_in_all_stores": true, "is_batch_item": false}
{"id": 183043, "name": "CLASSIC CRUNCH", "underline": "350 GR. / EASIS", "age_limit": null, "hazard_precaution_statements": [], "labels": [{"id": 31, "name": "Ikke tilsat sukker", "image": "https://static-assets.digital.rema1000.dk/product/labels/31-64.webp"}], "description": null, "info": "", "images": [{"small": "https://rema-product-images.digital.rema1000.dk/183043/1-small-dyomlw0nPV.webp", "medium": "https://rema-product-images.digital.rema1000.dk/183043/1-medium-dyomlw0nPV.webp", "large": "https://rema-product-images.digital.rema1000.dk/183043/1-large-dyomlw0nPV.webp"}], "prices": [{"price": 29.95, "price_over_max_quantity": null, "max_quantity": null, "is_advertised": false, "is_campaign": false, "starting_at": "2024-08-01T00:00:00+00:00", "ending_at": "2099-12-31T00:00:00+00:00", "deposit": null, "compare_unit": "kg", "compare_unit_price": 85.57, "consumption_unit": null, "consumption_quantity": null}], "temperature_zone": null, "is_self_scale_item": false, "is_weight_item": false, "is_available_in_all_stores": true, "is_batch_item": false}
{"id": 183052, "name": "KNASENDE CRUNCH", "underline": "375 GR. / REMA 1000", "age_limit": null, "hazard_precaution_statements": [], "labels": [{"id": 2, "name": "REMA1000", "image": "https://static-assets.digital.rema1000.dk/product/labels/2-64.webp"}, {"id": 40, "name": "Nøglehul", "image": "https://static-assets.digital.rema1000.dk/product/labels/40-64.webp"}, {"id": 43, "name": "Fuldkorn", "image": "https://static-assets.digital.rema1000.dk/product/labels/43-64.webp"}], "description": "Fødevarestyrelsen anbefaler mindst 75 gram fuldkorn om dagen som en del af en varieret kost. Produktet indeholder 66 gram fuldkorn pr. 100 gram.", "info": "", "images": [{"small": "https://rema-product-images.digital.rema1000.dk/183052/1-small-NpP7O652PO.webp", "medium": "https://rema-product-images.digital.rema1000.dk/183052/1-medium-NpP7O652PO.webp", "large": "https://rema-product-images.digital.rema1000.dk/183052/1-large-NpP7O652PO.webp"}], "prices": [{"price": 19, "price_over_max_quantity": null, "max_quantity": null, "is_advertised": false, "is_campaign": false, "starting_at": "2022-12-01T00:00:00+00:00", "ending_at": "2099-12-31T00:00:00+00:00", "deposit": null, "compare_unit": "kg", "compare_unit_price": 50.67, "consumption_unit": null, "consumption_quantity": null}], "temperature_zone": null, "is_self_scale_item": false, "is_weight_item": false, "is_available_in_all_stores": true, "is_batch_item": false}
{"id": 183201, "name": "YMERDRYS", "underline": "375 GR. / STRUER", "age_limit": null, "hazard_precaution_statements": [], "labels": [{"id": 40, "name": "Nøglehul", "image": "https://static-assets.digital.rema1000.dk/product/labels/40-64.webp"}, {"id": 43, "name": "Fuldkorn", "image": "https://static-assets.digital.rema1000.dk/product/labels/43-64.webp"}], "description": null, "info": "", "images": [{"small": "https://rema-product-images.digital.rema1000.dk/183201/1-small-ElPB6g0lPk.webp", "medium": "https://rema-product-images.digital.rema1000.dk/183201/1-medium-ElPB6g0lPk.webp", "large": "https://rema-product-images.digital.rema1000.dk/183201/1-large-ElPB6g0lPk.webp"}], "prices": [{"price": 17.95, "price_over_max_quantity": null, "max_quantity": null, "is_advertised": false, "is_campaign": false, "starting_at": "2022-12-01T00:00:00+00:00", "ending_at": "2099-12-31T00:00:00+00:00", "deposit": null, "compare_unit": "kg", "compare_unit_price": 47.87, "consumption_unit": null, "consumption_quantity": null}], "temperature_zone": null, "is_self_scale_item": false, "is_weight_item": false, "is_available_in_all_stores": true, "is_batch_item": false}
{"id": 183205, "name": "YMERDRYS M/SUKKER", "underline": "500 GR. / STRUER", "age_limit": null, "hazard_precaution_statements": [], "labels": [], "description": null, "info": "", "images": [{"small": "https://rema-product-images.digital.rema1000.dk/183205/1-small-xQq8Y6wJ9Z.webp", "medium": "https://rema-product-images.digital.rema1000.dk/183205/1-medium-xQq8Y6wJ9Z.webp", "large": "https://rema-product-images.digital.rema1000.dk/183205/1-large-xQq8Y6wJ9Z.webp"}], "prices": [{"price": 17.95, "price_over_max_quantity": null, "max_quantity": null, "is_advertised": false, "is_campaign": false, "starting_at": "2022-12-01T00:00:00+00:00", "ending_at": "2099-12-31T00:00:00+00:00", "deposit": null, "compare_unit": "kg", "compare_unit_price": 35.9, "consumption_unit": null, "consumption_quantity": null}], "temperature_zone": null, "is_self_scale_item": false, "is_weight_item": false, "is_available_in_all_stores": true, "is_batch_item": false}
{"id": 190013, "name": "TYGGERULLER", "underline": "350 GR. / EXCELLENT PET", "age_limit": null, "hazard_precaution_statements": [], "labels": [], "description": "Anvendes som supplement til foder der dækker hundens behov for næringsstoffer. Gives som godbid og belønning imellem måltiderne. Det anbefales, at hunden er under opsyn af ejeren når den spiser tyggeruller, da halvspiste bidder kan sætte sig fast i forskellige dele af fordøjelsessystemet. Hunden skal have adgang til rigeligt frisk vand.", "info": "", "images": [{"small": "https://rema-product-images.digital.rema1000.dk/190013/1-small-wyPb06y5qE.webp", "medium": "https://rema-product-images.digital.rema1000.dk/190013/1-medium-wyPb06y5qE.webp", "large": "https://rema-product-images.digital.rema1000.dk/190013/1-large-wyPb06y5qE.webp"}], "prices": [{"price": 45.95, "price_over_max_quantity": null, "max_quantity": null, "is_advertised": false, "is_campaign": false, "starting_at": "2023-08-03T00:00:00+00:00", "ending_at": "2099-12-31T00:00:00+00:00", "deposit": null, "compare_unit": "kg", "compare_unit_price": 131.29, "consumption_unit": null, "consumption_quantity": null}], "temperature_zone": null, "is_self_scale_item": false, "is_weight_item": false, "is_available_in_all_stores": true, "is_batch_item": false}
{"id": 190020, "name": "KATTEFODER M/OKSE", "underline": "100 GR. / EXCELLENT PET", "age_limit": null, "hazard_precaution_statements": [], "labels": [], "description": "Sammensætningen af foderet dækker den voksne kats daglige behov for næringsstoffer. Katten skal have adgang til rigeligt frisk vand. <br />", "info": "", "images": [{"small": "https://rema-product-images.digital.rema1000.dk/190020/1-small-AKqeLGyRop.webp", "medium": "https://rema-product-images.digital.rema1000.dk/190020/1-medium-AKqeLGyRop.webp", "large": "https://rema-product-images.digital.rema1000.dk/190020/1-large-AKqeLGyRop.webp"}], "prices": [{"price": 4.5, "price_over_max_quantity": null, "max_quantity": null, "is_advertised": false, "is_campaign": false, "starting_at": "2022-12-01T00:00:00+00:00", "ending_at": "2099-12-31T00:00:00+00:00", "deposit": null, "compare_unit": "kg", "compare_unit_price": 45, "consumption_unit": null, "consumption_quantity": null}], "temperature_zone": null, "is_self_scale_item": false, "is_weight_item": false, "is_available_in_all_stores": true, "is_batch_item": false}
{"id": 190022, "name": "FRESH & FINE M/KYLLING", "underline": "300 GR. / SHEBA", "age_limit": null, "hazard_precaution_statements": [], "labels": [], "description": "Hos Sheba® har vi forståelse for din kats lyst til kattemad af høj kvalitet og for gennemarbejdede opskrifter. Sheba har udviklet en serie med ekstra godt foder til kæledyr, og med lækre opskrifter, der gør det til en fornøjelse at fodre din kat hver eneste gang. Hvert måltid vil få dem til at spinde og knurre af glæde.  Sheba Fresh & Fine kattefoder er produceret med de fineste råvarer med mindre bidder i gelé, der får din kats tænder til at løbe i vand. Den praktiske emballage er den helt passende størrelse, så kattemaden ikke lugter i køleskabet.", "info": "", "images": [{"small": "https://rema-product-images.digital.rema1000.dk/190022/1-small-pyozpV3k9X.webp", "medium": "https://rema-product-images.digital.rema1000.dk/190022/1-medium-pyozpV3k9X.webp", "large": "https://rema-product-images.digital.rema1000.dk/190022/1-large-pyozpV3k9X.webp"}], "prices": [{"price": 24.95, "price_over_max_quantity": null, "max_quantity": null, "is_advertised": false, "is_campaign": false, "starting_at": "2025-02-06T00:00:00+00:00", "ending_at": "2099-12-31T00:00:00+00:00", "deposit": null, "compare_unit": "kg", "compare_unit_price": 83.17, "consumption_unit": null, "consumption_quantity": null}], "temperature_zone": null, "is_self_scale_item": false, "is_weight_item": false, "is_available_in_all_stores": true, "is_batch_item": false}
{"id": 190025, "name": "HUNDESNACKS", "underline": "180 GR. / EXCELLENT PET", "age_limit": null, "hazard_precaution_statements": [], "labels": [], "description": "Anvendes som supplement til foder, der dækker hundens behov for næringsstoffer. Hunden skal have adgang til rigeligt frisk vand.<br />", "info": "", "images": [{"small": "https://rema-product-images.digital.rema1000.dk/190025/1-small-Ea91kEwaoz.webp", "medium": "https://rema-product-images.digital.rema1000.dk/190025/1-medium-Ea91kEwaoz.webp", "large": "https://rema-product-images.digital.rema1000.dk/190025/1-large-Ea91kEwaoz.webp"}], "prices": [{"price": 14.95, "price_over_max_quantity": null, "max_quantity": null, "is_advertised": false, "is_campaign": false, "starting_at": "2025-03-16T00:00:00+00:00", "ending_at": "2099-12-31T00:00:00+00:00", "deposit": null, "compare_unit": "kg", "compare_unit_price": 83.06, "consumption_unit": null, "consumption_quantity": null}], "temperature_zone": null, "is_self_scale_item": false, "is_weight_item": false, "is_available_in_all_stores": true, "is_batch_item": false}
{"id": 190028, "name": "OKSE STRIPS", "underline": "100 GR. / EXCELLENT PET", "age_limit": null, "hazard_precaution_statements": [], "labels": [], "description": "Gives som godbid. Det anbefales, at hunden er under opsyn af ejeren når den spiser strips, da halvspiste bidder kan sætte sig fast i forskellige dele af fordøjelsessystemet. Hunden skal have adgang til rigeligt frisk vand.<br />", "info": "", "images": [{"small": "https://rema-product-images.digital.rema1000.dk/190028/1-small-xyqa43ypoD.webp", "medium": "https://rema-product-images.digital.rema1000.dk/190028/1-medium-xyqa43ypoD.webp", "large": "https://rema-product-images.digital.rema1000.dk/190028/1-large-xyqa43ypoD.webp"}], "prices": [{"price": 17.95, "price_over_max_quantity": null, "max_quantity": null, "is_advertised": false, "is_campaign": false, "starting_at": "2024-11-28T00:00:00+00:00", "ending_at": "2099-12-31T00:00:00+00:00", "deposit": null, "compare_unit": "kg", "compare_unit_price": 179.5, "consumption_unit": null, "consumption_quantity": null}], "temperature_zone": null, "is_self_scale_item": false, "is_weight_item": false, "is_available_in_all_stores": true, "is_batch_item": false}
{"id": 190029, "name": "KATTEFODER M/LAKS", "underline": "100 GR. / EXCELLENT PET", "age_limit": null, "hazard_precaution_statements": [], "labels": [], "description": null, "info": "", "images": [{"small": "https://rema-product-images.digital.rema1000.dk/190029/1-small-pYqx3Vdxo1.webp", "medium": "https://rema-product-images.digital.rema1000.dk/190029/1-medium-pYqx3Vdxo1.webp", "large": "https://rema-product-images.digital.rema1000.dk/190029/1-large-pYqx3Vdxo1.webp"}], "prices": [{"price": 4.5, "price_over_max_quantity": null, "max_quantity": null, "is_advertised": false, "is_campaign": false, "starting_at": "2022-12-01T00:00:00+00:00", "ending_at": "2099-12-31T00:00:00+00:00", "deposit": null, "compare_unit": "kg", "compare_unit_price": 45, "consumption_unit": null, "consumption_quantity": null}], "temperature_zone": null, "is_self_scale_item": false, "is_weight_item": false, "is_available_in_all_stores": true, "is_batch_item": false}
{"id": 190030, "name": "SOFTIES", "underline": "150 GR. / BEST FRIEND", "age_limit": null, "hazard_precaution_statements": [], "labels": [], "description": null, "info": "", "images": [{"small": "https://rema-product-images.digital.rema1000.dk/190030/1-small-869D63BzoM.webp", "medium": "https://rema-product-images.digital.rema1000.dk/190030/1-medium-869D63BzoM.webp", "large": "https://rema-product-images.digital.rema1000.dk/190030/1-large-869D63BzoM.webp"}], "prices": [{"price": 12, "price_over_max_quantity": null, "max_quantity": null, "is_advertised": false, "is_campaign": false, "starting_at": "2024-08-08T00:00:00+00:00", "ending_at": "2099-12-31T00:00:00+00:00", "deposit": null, "compare_unit": "kg", "compare_unit_price": 80, "consumption_unit": null, "consumption_quantity": null}], "temperature_zone": null, "is_self_scale_item": false, "is_weight_item": false, "is_available_in_all_stores": true, "is_batch_item": false}
{"id": 190031, "name": "KATTEFODER M/TORSK", "underline": "100 GR. / EXCELLENT PET", "age_limit": null, "hazard_precaution_statements": [], "labels": [], "description": null, "info": "", "images": [{"small": "https://rema-product-images.digital.rema1000.dk/190031/1-small-01q21kBeo7.webp", "medium": "https://rema-product-images.digital.rema1000.dk/190031/1-medium-01q21kBeo7.webp", "large": "https://rema-product-images.digital.rema1000.dk/190031/1-large-01q21kBeo7.webp"}], "prices": [{"price": 4.5, "price_over_max_quantity": null, "max_quantity": null, "is_advertised": false, "is_campaign": false, "starting_at": "2022-12-01T00:00:00+00:00", "ending_at": "2099-12-31T00:00:00+00:00", "deposit": null, "compare_unit": "kg", "compare_unit_price": 45, "consumption_unit": null, "consumption_quantity": null}], "temperature_zone": null, "is_self_scale_item": false, "is_weight_item": false, "is_available_in_all_stores": true, "is_batch_item": false}
{"id": 190032, "name": "KATTEFODER, KYLLING", "underline": "100 GR. / EXCELLENT PET", "age_limit": null, "hazard_precaution_statements": [], "labels": [], "description": "Fuldfoder til katte +12 mdr.  Sammensætningen af foderet dækker denvoksne kats daglige behov for næringsstoffer. Katten skal have adgang til rigeligt frisk vand.<br />", "info": "", "images": [{"small": "https://rema-product-images.digital.rema1000.dk/190032/1-small-nDPWzlAk9W.webp", "medium": "https://rema-product-images.digital.rema1000.dk/190032/1-medium-nDPWzlAk9W.webp", "large": "https://rema-product-images.digital.rema1000.dk/190032/1-large-nDPWzlAk9W.webp"}], "prices": [{"price": 4.5, "price_over_max_quantity": null, "max_quantity": null, "is_advertised": false, "is_campaign": false, "starting_at": "2022-12-01T00:00:00+00:00", "ending_at": "2099-12-31T00:00:00+00:00", "deposit": null, "compare_unit": "kg", "compare_unit_price": 45, "consumption_unit": null, "consumption_quantity": null}], "temperature_zone": null, "is_self_scale_item": false, "is_weight_item": false, "is_available_in_all_stores": true, "is_batch_item": false}
{"id": 190053, "name": "TRÆFLAKES", "underline": "5 LTR. / EXCELLENT PET", "age_limit": null, "hazard_precaution_statements": [], "labels": [], "description": "Klumpende træflager til kattebakken<br />", "info": "", "images": [{"small": "https://rema-product-images.digital.rema1000.dk/190053/1-small-aboKMAdv9p.webp", "medium": "https://rema-product-images.digital.rema1000.dk/190053/1-medium-aboKMAdv9p.webp", "large": "https://rema-product-images.digital.rema1000.dk/190053/1-large-aboKMAdv9p.webp"}], "prices": [{"price": 38.95, "price_over_max_quantity": null, "max_quantity": null, "is_advertised": false, "is_campaign": false, "starting_at": "2024-08-22T00:00:00+00:00", "ending_at": "2099-12-31T00:00:00+00:00", "deposit": null, "compare_unit": "ltr", "compare_unit_price": 7.79, "consumption_unit": null, "consumption_quantity": null}], "temperature_zone": null, "is_self_scale_item": false, "is_weight_item": false, "is_available_in_all_stores": true, "is_batch_item": false}
{"id": 190061, "name": "MEJSEBOLDE", "underline": "25 STK. / REMA 1000", "age_limit": null, "hazard_precaution_statements": [], "labels": [{"id": 2, "name": "REMA1000", "image": "https://static-assets.digital.rema1000.dk/product/labels/2-64.webp"}], "description": "Læg boldene i et foderhus og placer denne i et træ eller busk. Læg boldene på et foderbræt. Foder efter behov.<br />", "info": "", "images": [{"small": "https://rema-product-images.digital.rema1000.dk/190061/1-small-Z8qppvNmq3.webp", "medium": "https://rema-product-images.digital.rema1000.dk/190061/1-medium-Z8qppvNmq3.webp", "large": "https://rema-product-images.digital.rema1000.dk/190061/1-large-Z8qppvNmq3.webp"}], "prices": [{"price": 27.95, "price_over_max_quantity": null, "max_quantity": null, "is_advertised": false, "is_campaign": false, "starting_at": "2023-09-07T00:00:00+00:00", "ending_at": "2099-12-31T00:00:00+00:00", "deposit": null, "compare_unit": "stk", "compare_unit_price": 1.12, "consumption_unit": null, "consumption_quantity": null}], "temperature_zone": null, "is_self_scale_item": false, "is_weight_item": false, "is_available_in_all_stores": true, "is_batch_item": false}
{"id": 190077, "name": "FULDFODER", "underline": "4 KG. / REMA 1000 HUNDEMAD", "age_limit": null, "hazard_precaution_statements": [], "labels": [{"id": 2, "name": "REMA1000", "image": "https://static-assets.digital.rema1000.dk/product/labels/2-64.webp"}], "description": "Sammensætningen af foderet dækker den voksne hunds daglige behov for næringsstoffer. Klar til servering. Du kan fodre i 1-2 afmålte måltider pr. dag. Hunden skal have adgang til rigeligt frisk vand.<br />", "info": "", "images": [{"small": "https://rema-product-images.digital.rema1000.dk/190077/1-small-YLPj7j02ok.webp", "medium": "https://rema-product-images.digital.rema1000.dk/190077/1-medium-YLPj7j02ok.webp", "large": "https://rema-product-images.digital.rema1000.dk/190077/1-large-YLPj7j02ok.webp"}], "prices": [{"price": 25.88, "price_over_max_quantity": null, "max_quantity": null, "is_advertised": false, "is_campaign": false, "starting_at": "2024-01-04T00:00:00+00:00", "ending_at": "2099-12-31T00:00:00+00:00", "deposit": null, "compare_unit": "kg", "compare_unit_price": 6.47, "consumption_unit": null, "consumption_quantity": null}], "temperature_zone": null, "is_self_scale_item": false, "is_weight_item": false, "is_available_in_all_stores": true, "is_batch_item": false}
{"id": 190084, "name": "KATTEMAD I GELÉ", "underline": "1200 GR. / REMA 1000, SAMPAK", "age_limit": null, "hazard_precaution_statements": [], "labels": [{"id": 2, "name": "REMA1000", "image": "https://static-assets.digital.rema1000.dk/product/labels/2-64.webp"}], "description": null, "info": "", "images": [{"small": "https://rema-product-images.digital.rema1000.dk/190084/1-small-rQqQpeKwoe.webp", "medium": "https://rema-product-images.digital.rema1000.dk/190084/1-medium-rQqQpeKwoe.webp", "large": "https://rema-product-images.digital.rema1000.dk/190084/1-large-rQqQpeKwoe.webp"}], "prices": [{"price": 29.95, "price_over_max_quantity": null, "max_quantity": null, "is_advertised": false, "is_campaign": false, "starting_at": "2022-03-31T00:00:00+00:00", "ending_at": "2099-12-31T00:00:00+00:00", "deposit": null, "compare_unit": "kg", "compare_unit_price": 24.96, "consumption_unit": null, "consumption_quantity": null}], "temperature_zone": null, "is_self_scale_item": false, "is_weight_item": false, "is_available_in_all_stores": true, "is_batch_item": false}
{"id": 190089, "name": "KATTEMAD I SOVS", "underline": "1200 GR. / REMA 1000, SAMPAK", "age_limit": null, "hazard_precaution_statements": [], "labels": [{"id": 2, "name": "REMA1000", "image": "https://static-assets.digital.rema1000.dk/product/labels/2-64.webp"}], "description": null, "info": "", "images": [{"small": "https://rema-product-images.digital.rema1000.dk/190089/1-small-ElPB6EwjPk.webp", "medium": "https://rema-product-images.digital.rema1000.dk/190089/1-medium-ElPB6EwjPk.webp", "large": "https://rema-product-images.digital.rema1000.dk/190089/1-large-ElPB6EwjPk.webp"}], "prices": [{"price": 29.95, "price_over_max_quantity": null, "max_quantity": null, "is_advertised": false, "is_campaign": false, "starting_at": "2022-03-31T00:00:00+00:00", "ending_at": "2099-12-31T00:00:00+00:00", "deposit": null, "compare_unit": "kg", "compare_unit_price": 24.96, "consumption_unit": null, "consumption_quantity": null}], "temperature_zone": null, "is_self_scale_item": false, "is_weight_item": false, "is_available_in_all_stores": true, "is_batch_item": false}
{"id": 190098, "name": "HUNDEKIKS M/OKSE", "underline": "250 GR. / EXCELLENT PET", "age_limit": null, "hazard_precaution_statements": [], "labels": [], "description": "Anvendes som supplement til foder, der dækker hundens behov for næringsstoffer. Gives som godbid og belønning imellem måltiderne. Hunden skal have adgang til rigeligt frisk vand.<br />", "info": "", "images": [{"small": "https://rema-product-images.digital.rema1000.dk/190098/1-small-Al903ErBq8.webp", "medium": "https://rema-product-images.digital.rema1000.dk/190098/1-medium-Al903ErBq8.webp", "large": "https://rema-product-images.digital.rema1000.dk/190098/1-large-Al903ErBq8.webp"}], "prices": [{"price": 16.95, "price_over_max_quantity": null, "max_quantity": null, "is_advertised": false, "is_campaign": false, "starting_at": "2023-11-30T00:00:00+00:00", "ending_at": "2099-12-31T00:00:00+00:00", "deposit": null, "compare_unit": "kg", "compare_unit_price": 67.8, "consumption_unit": null, "consumption_quantity": null}], "temperature_zone": null, "is_self_scale_item": false, "is_weight_item": false, "is_available_in_all_stores": true, "is_batch_item": false}
{"id": 190099, "name": "KILLINGEFODER", "underline": "750 GR. / EXCELLENT PET", "age_limit": null, "hazard_precaution_statements": [], "labels": [], "description": "Excellentpet kornfri fuldkost tør foder til katte killing med kylling<br />", "info": "", "images": [{"small": "https://rema-product-images.digital.rema1000.dk/190099/1-small-A5qV64Q3qa.webp", "medium": "https://rema-product-images.digital.rema1000.dk/190099/1-medium-A5qV64Q3qa.webp", "large": "https://rema-product-images.digital.rema1000.dk/190099/1-large-A5qV64Q3qa.webp"}], "prices": [{"price": 35.95, "price_over_max_quantity": null, "max_quantity": null, "is_advertised": false, "is_campaign": false, "starting_at": "2024-02-29T00:00:00+00:00", "ending_at": "2099-12-31T00:00:00+00:00", "deposit": null, "compare_unit": "kg", "compare_unit_price": 47.93, "consumption_unit": null, "consumption_quantity": null}], "temperature_zone": null, "is_self_scale_item": false, "is_weight_item": false, "is_available_in_all_stores": true, "is_batch_item": false}
{"id": 190101, "name": "DENTAL 3IN1", "underline": "180 GR. / VITAKRAFT", "age_limit": null, "hazard_precaution_statements": [], "labels": [], "description": null, "info": "", "images": [{"small": "https://rema-product-images.digital.rema1000.dk/190101/1-small-ElPB6EwQPk.webp", "medium": "https://rema-product-images.digital.rema1000.dk/190101/1-medium-ElPB6EwQPk.webp", "large": "https://rema-product-images.digital.rema1000.dk/190101/1-large-ElPB6EwQPk.webp"}], "prices": [{"price": 20.95, "price_over_max_quantity": null, "max_quantity": null, "is_advertised": false, "is_campaign": false, "starting_at": "2025-01-10T00:00:00+00:00", "ending_at": "2099-12-31T00:00:00+00:00", "deposit": null, "compare_unit": "kg", "compare_unit_price": 116.39, "consumption_unit": null, "consumption_quantity": null}], "temperature_zone": null, "is_self_scale_item": false, "is_weight_item": false, "is_available_in_all_stores": true, "is_batch_item": false}
{"id": 190127, "name": "OKSEBEN", "underline": "200 GR. / EXCELLENT PET", "age_limit": null, "hazard_precaution_statements": [], "labels": [], "description": null, "info": "", "images": [{"small": "https://rema-product-images.digital.rema1000.dk/190127/1-small-OW9Oze6Rqg.webp", "medium": "https://rema-product-images.digital.rema1000.dk/190127/1-medium-OW9Oze6Rqg.webp", "large": "https://rema-product-images.digital.rema1000.dk/190127/1-large-OW9Oze6Rqg.webp"}], "prices": [{"price": 13.95, "price_over_max_quantity": null, "max_quantity": null, "is_advertised": false, "is_campaign": false, "starting_at": "2023-08-21T00:00:00+00:00", "ending_at": "2099-12-31T00:00:00+00:00", "deposit": null, "compare_unit": "kg", "compare_unit_price": 69.75, "consumption_unit": null, "consumption_quantity": null}], "temperature_zone": null, "is_self_scale_item": false, "is_weight_item": false, "is_available_in_all_stores": true, "is_batch_item": false}
{"id": 190205, "name": "BEEF-STICK OKSE", "underline": "12 GR. / VITAKRAFT", "age_limit": null, "hazard_precaution_statements": [], "labels": [], "description": null, "info": "", "images": [{"small": "https://rema-product-images.digital.rema1000.dk/190205/1-small-xQq8Yppn9Z.webp", "medium": "https://rema-product-images.digital.rema1000.dk/190205/1-medium-xQq8Yppn9Z.webp", "large": "https://rema-product-images.digital.rema1000.dk/190205/1-large-xQq8Yppn9Z.webp"}], "prices": [{"price": 5.95, "price_over_max_quantity": null, "max_quantity": null, "is_advertised": false, "is_campaign": false, "starting_at": "2025-01-10T00:00:00+00:00", "ending_at": "2099-12-31T00:00:00+00:00", "deposit": null, "compare_unit": "kg", "compare_unit_price": 495.83, "consumption_unit": null, "consumption_quantity": null}], "temperature_zone": null, "is_self_scale_item": false, "is_weight_item": false, "is_available_in_all_stores": true, "is_batch_item": false}
{"id": 190235, "name": "JUMBO BONES", "underline": "200 GR. / REMA 1000", "age_limit": null, "hazard_precaution_statements": [], "labels": [{"id": 2, "name": "REMA1000", "image": "https://static-assets.digital.rema1000.dk/product/labels/2-64.webp"}], "description": "Anvendes som supplement til foder, der dækker den voksne hunds daglige behov for næringsstoffer. Gives som godbid. Hunden skal have adgang til rigeligt frisk vand.<br />", "info": "", "images": [{"small": "https://rema-product-images.digital.rema1000.dk/190235/1-small-Gb9k6aErq7.webp", "medium": "https://rema-product-images.digital.rema1000.dk/190235/1-medium-Gb9k6aErq7.webp", "large": "https://rema-product-images.digital.rema1000.dk/190235/1-large-Gb9k6aErq7.webp"}], "prices": [{"price": 9.5, "price_over_max_quantity": null, "max_quantity": null, "is_advertised": false, "is_campaign": false, "starting_at": "2022-09-29T00:00:00+00:00", "ending_at": "2099-12-31T00:00:00+00:00", "deposit": null, "compare_unit": "kg", "compare_unit_price": 47.5, "consumption_unit": null, "consumption_quantity": null}], "temperature_zone": null, "is_self_scale_item": false, "is_weight_item": false, "is_available_in_all_stores": true, "is_batch_item": false}
{"id": 190264, "name": "LETVÆGTSKATTEGRUS", "underline": "5 LTR. / REMA 1000", "age_limit": null, "hazard_precaution_statements": [], "labels": [{"id": 2, "name": "REMA1000", "image": "https://static-assets.digital.rema1000.dk/product/labels/2-64.webp"}], "description": null, "info": "", "images": [{"small": "https://rema-product-images.digital.rema1000.dk/190264/1-small-AKqeLGeMop.webp", "medium": "https://rema-product-images.digital.rema1000.dk/190264/1-medium-AKqeLGeMop.webp", "large": "https://rema-product-images.digital.rema1000.dk/190264/1-large-AKqeLGeMop.webp"}], "prices": [{"price": 42.95, "price_over_max_quantity": null, "max_quantity": null, "is_advertised": false, "is_campaign": false, "starting_at": "2023-04-27T00:00:00+00:00", "ending_at": "2099-12-31T00:00:00+00:00", "deposit": null, "compare_unit": "ltr", "compare_unit_price": 8.59, "consumption_unit": null, "consumption_quantity": null}], "temperature_zone": null, "is_self_scale_item": false, "is_weight_item": false, "is_available_in_all_stores": true, "is_batch_item": false}
{"id": 190269, "name": "HAMPEFRØ", "underline": "700 GR. / REMA 1000", "age_limit": null, "hazard_precaution_statements": [], "labels": [{"id": 2, "name": "REMA1000", "image": "https://static-assets.digital.rema1000.dk/product/labels/2-64.webp"}], "description": null, "info": "", "images": [{"small": "https://rema-product-images.digital.rema1000.dk/190269/1-small-Ea91kEDVoz.webp", "medium": "https://rema-product-images.digital.rema1000.dk/190269/1-medium-Ea91kEDVoz.webp", "large": "https://rema-product-images.digital.rema1000.dk/190269/1-large-Ea91kEDVoz.webp"}], "prices": [{"price": 21.95, "price_over_max_quantity": null, "max_quantity": null, "is_advertised": false, "is_campaign": false, "starting_at": "2022-10-06T00:00:00+00:00", "ending_at": "2099-12-31T00:00:00+00:00", "deposit": null, "compare_unit": "kg", "compare_unit_price": 31.36, "consumption_unit": null, "consumption_quantity": null}], "temperature_zone": null, "is_self_scale_item": false, "is_weight_item": false, "is_available_in_all_stores": true, "is_batch_item": false}
{"id": 190280, "name": "HUNDEPOSER", "underline": "40 STK. / REMA 1000", "age_limit": null, "hazard_precaution_statements": [], "labels": [{"id": 2, "name": "REMA1000", "image": "https://static-assets.digital.rema1000.dk/product/labels/2-64.webp"}], "description": "Må ikke bruges til fødevarer.", "info": "", "images": [{"small": "https://rema-product-images.digital.rema1000.dk/190280/1-small-7doLwApEP6.webp", "medium": "https://rema-product-images.digital.rema1000.dk/190280/1-medium-7doLwApEP6.webp", "large": "https://rema-product-images.digital.rema1000.dk/190280/1-large-7doLwApEP6.webp"}], "prices": [{"price": 6.6, "price_over_max_quantity": null, "max_quantity": null, "is_advertised": false, "is_campaign": false, "starting_at": "2023-12-14T00:00:00+00:00", "ending_at": "2099-12-31T00:00:00+00:00", "deposit": null, "compare_unit": "stk", "compare_unit_price": 0.17, "consumption_unit": null, "consumption_quantity": null}], "temperature_zone": null, "is_self_scale_item": false, "is_weight_item": false, "is_available_in_all_stores": true, "is_batch_item": false}
{"id": 190281, "name": "POÉSIE KYLLING", "underline": "85 GR. / VITAKRAFT", "age_limit": null, "hazard_precaution_statements": [], "labels": [], "description": null, "info": "", "images": [{"small": "https://rema-product-images.digital.rema1000.dk/190281/1-small-JzPJvWRYPk.webp", "medium": "https://rema-product-images.digital.rema1000.dk/190281/1-medium-JzPJvWRYPk.webp", "large": "https://rema-product-images.digital.rema1000.dk/190281/1-large-JzPJvWRYPk.webp"}], "prices": [{"price": 8.95, "price_over_max_quantity": null, "max_quantity": null, "is_advertised": false, "is_campaign": false, "starting_at": "2025-01-10T00:00:00+00:00", "ending_at": "2099-12-31T00:00:00+00:00", "deposit": null, "compare_unit": "kg", "compare_unit_price": 105.29, "consumption_unit": null, "consumption_quantity": null}], "temperature_zone": null, "is_self_scale_item": false, "is_weight_item": false, "is_available_in_all_stores": true, "is_batch_item": false}
{"id": 190283, "name": "POÉSIE MOUSSE AND", "underline": "85 GR. / VITAKRAFT", "age_limit": null, "hazard_precaution_statements": [], "labels": [], "description": null, "info": "", "images": [{"small": "https://rema-product-images.digital.rema1000.dk/190283/1-small-zOPll241PR.webp", "medium": "https://rema-product-images.digital.rema1000.dk/190283/1-medium-zOPll241PR.webp", "large": "https://rema-product-images.digital.rema1000.dk/190283/1-large-zOPll241PR.webp"}], "prices": [{"price": 8.95, "price_over_max_quantity": null, "max_quantity": null, "is_advertised": false, "is_campaign": false, "starting_at": "2025-01-10T00:00:00+00:00", "ending_at": "2099-12-31T00:00:00+00:00", "deposit": null, "compare_unit": "kg", "compare_unit_price": 105.29, "consumption_unit": null, "consumption_quantity": null}], "temperature_zone": null, "is_self_scale_item": false, "is_weight_item": false, "is_available_in_all_stores": true, "is_batch_item": false}
{"id": 190293, "name": "HUNDEKIKS", "underline": "800 GR. / REMA 1000", "age_limit": null, "hazard_precaution_statements": [], "labels": [{"id": 2, "name": "REMA1000", "image": "https://static-assets.digital.rema1000.dk/product/labels/2-64.webp"}], "description": "Anvendes som supplement til foder, der dækker den voksne hunds behov for næringsstoffer. Gives som godbid. Hunden skal have adgang til rigeligt frisk vand.<br />   ", "info": "", "images": [{"small": "https://rema-product-images.digital.rema1000.dk/190293/1-small-xQq8Yp1n9Z.webp", "medium": "https://rema-product-images.digital.rema1000.dk/190293/1-medium-xQq8Yp1n9Z.webp", "large": "https://rema-product-images.digital.rema1000.dk/190293/1-large-xQq8Yp1n9Z.webp"}], "prices": [{"price": 17.95, "price_over_max_quantity": null, "max_quantity": null, "is_advertised": false, "is_campaign": false, "starting_at": "2022-09-29T00:00:00+00:00", "ending_at": "2099-12-31T00:00:00+00:00", "deposit": null, "compare_unit": "kg", "compare_unit_price": 22.44, "consumption_unit": null, "consumption_quantity": null}], "temperature_zone": null, "is_self_scale_item": false, "is_weight_item": false, "is_available_in_all_stores": true, "is_batch_item": false}
{"id": 190295, "name": "SOFT BITES", "underline": "1.5 KG. / REMA 1000", "age_limit": null, "hazard_precaution_statements": [], "labels": [{"id": 2, "name": "REMA1000", "image": "https://static-assets.digital.rema1000.dk/product/labels/2-64.webp"}], "description": "Fuldfoder til voksne hunde", "info": "", "images": [{"small": "https://rema-product-images.digital.rema1000.dk/190295/1-small-v09gQb4moA.webp", "medium": "https://rema-product-images.digital.rema1000.dk/190295/1-medium-v09gQb4moA.webp", "large": "https://rema-product-images.digital.rema1000.dk/190295/1-large-v09gQb4moA.webp"}], "prices": [{"price": 26.95, "price_over_max_quantity": null, "max_quantity": null, "is_advertised": false, "is_campaign": false, "starting_at": "2022-09-29T00:00:00+00:00", "ending_at": "2099-12-31T00:00:00+00:00", "deposit": null, "compare_unit": "kg", "compare_unit_price": 17.97, "consumption_unit": null, "consumption_quantity": null}], "temperature_zone": null, "is_self_scale_item": false, "is_weight_item": false, "is_available_in_all_stores": true, "is_batch_item": false}
{"id": 190335, "name": "FILETS MED KYLLING", "underline": "60 GR. / SHEBA", "age_limit": null, "hazard_precaution_statements": [], "labels": [], "description": null, "info": "", "images": [{"small": "https://rema-product-images.digital.rema1000.dk/190335/1-small-Gb9k6ajvq7.webp", "medium": "https://rema-product-images.digital.rema1000.dk/190335/1-medium-Gb9k6ajvq7.webp", "large": "https://rema-product-images.digital.rema1000.dk/190335/1-large-Gb9k6ajvq7.webp"}], "prices": [{"price": 9.95, "price_over_max_quantity": null, "max_quantity": null, "is_advertised": false, "is_campaign": false, "starting_at": "2025-01-30T00:00:00+00:00", "ending_at": "2099-12-31T00:00:00+00:00", "deposit": null, "compare_unit": "kg", "compare_unit_price": 165.83, "consumption_unit": null, "consumption_quantity": null}], "temperature_zone": null, "is_self_scale_item": false, "is_weight_item": false, "is_available_in_all_stores": true, "is_batch_item": false}
{"id": 190403, "name": "BOONY BITS", "underline": "55 GR. / VITAKRAFT", "age_limit": null, "hazard_precaution_statements": [], "labels": [], "description": null, "info": "", "images": [{"small": "https://rema-product-images.digital.rema1000.dk/190403/1-small-3MoMBp44q5.webp", "medium": "https://rema-product-images.digital.rema1000.dk/190403/1-medium-3MoMBp44q5.webp", "large": "https://rema-product-images.digital.rema1000.dk/190403/1-large-3MoMBp44q5.webp"}], "prices": [{"price": 16.95, "price_over_max_quantity": null, "max_quantity": null, "is_advertised": false, "is_campaign": false, "starting_at": "2025-01-10T00:00:00+00:00", "ending_at": "2099-12-31T00:00:00+00:00", "deposit": null, "compare_unit": "kg", "compare_unit_price": 308.18, "consumption_unit": null, "consumption_quantity": null}], "temperature_zone": null, "is_self_scale_item": false, "is_weight_item": false, "is_available_in_all_stores": true, "is_batch_item": false}
{"id": 190460, "name": "FRØSTÆNGER T/GNAVERE", "underline": "112 GR. / NATURA", "age_limit": null, "hazard_precaution_statements": [], "labels": [], "description": null, "info": "", "images": [{"small": "https://rema-product-images.digital.rema1000.dk/190460/1-small-6xqAxe7EoD.webp", "medium": "https://rema-product-images.digital.rema1000.dk/190460/1-medium-6xqAxe7EoD.webp", "large": "https://rema-product-images.digital.rema1000.dk/190460/1-large-6xqAxe7EoD.webp"}], "prices": [{"price": 11.95, "price_over_max_quantity": null, "max_quantity": null, "is_advertised": false, "is_campaign": false, "starting_at": "2022-07-28T00:00:00+00:00", "ending_at": "2099-12-31T00:00:00+00:00", "deposit": null, "compare_unit": "kg", "compare_unit_price": 106.7, "consumption_unit": null, "consumption_quantity": null}], "temperature_zone": null, "is_self_scale_item": false, "is_weight_item": false, "is_available_in_all_stores": true, "is_batch_item": false}
{"id": 191050, "name": "ANTI HAIRBALL SNACK", "underline": "50 GR. / REMA 1000", "age_limit": null, "hazard_precaution_statements": [], "labels": [{"id": 2, "name": "REMA1000", "image": "https://static-assets.digital.rema1000.dk/product/labels/2-64.webp"}], "description": "Kattesnacks med malt. Anvendes som supplement til foder, der dækker kattens behov for næringsstoffer. Katten skal have adgang til rigeligt frisk vand.<br />", "info": "", "images": [{"small": "https://rema-product-images.digital.rema1000.dk/191050/1-small-vVorQ4kQP3.webp", "medium": "https://rema-product-images.digital.rema1000.dk/191050/1-medium-vVorQ4kQP3.webp", "large": "https://rema-product-images.digital.rema1000.dk/191050/1-large-vVorQ4kQP3.webp"}], "prices": [{"price": 7.5, "price_over_max_quantity": null, "max_quantity": null, "is_advertised": false, "is_campaign": false, "starting_at": "2021-11-11T00:00:00+00:00", "ending_at": "2099-12-31T00:00:00+00:00", "deposit": null, "compare_unit": "kg", "compare_unit_price": 150, "consumption_unit": null, "consumption_quantity": null}], "temperature_zone": null, "is_self_scale_item": false, "is_weight_item": false, "is_available_in_all_stores": true, "is_batch_item": false}
{"id": 191052, "name": "KATTE SNACKS M/FISK", "underline": "50 GR. / REMA 1000", "age_limit": null, "hazard_precaution_statements": [], "labels": [{"id": 2, "name": "REMA1000", "image": "https://static-assets.digital.rema1000.dk/product/labels/2-64.webp"}], "description": "Anvendes som supplement til foder, der dækker kattens behov for næringsstoffer. Dosering: Gives som godbid. Til voksne katte: Max. 15-20 stk. pr. dag.<br />  ", "info": "", "images": [{"small": "https://rema-product-images.digital.rema1000.dk/191052/1-small-NpP7OAz0PO.webp", "medium": "https://rema-product-images.digital.rema1000.dk/191052/1-medium-NpP7OAz0PO.webp", "large": "https://rema-product-images.digital.rema1000.dk/191052/1-large-NpP7OAz0PO.webp"}], "prices": [{"price": 7.5, "price_over_max_quantity": null, "max_quantity": null, "is_advertised": false, "is_campaign": false, "starting_at": "2021-11-11T00:00:00+00:00", "ending_at": "2099-12-31T00:00:00+00:00", "deposit": null, "compare_unit": "kg", "compare_unit_price": 150, "consumption_unit": null, "consumption_quantity": null}], "temperature_zone": null, "is_self_scale_item": false, "is_weight_item": false, "is_available_in_all_stores": true, "is_batch_item": false}
{"id": 191054, "name": "KATTESTICKS M/FJERKRÆ", "underline": "50 GR. / REMA 1000", "age_limit": null, "hazard_precaution_statements": [], "labels": [{"id": 2, "name": "REMA1000", "image": "https://static-assets.digital.rema1000.dk/product/labels/2-64.webp"}], "description": "Gives som godbid. Anvendes som supplement til foder, der dækker kattens daglige behov for næringsstoffer. Katten skal have adgang til rigeligt frisk vand.<br />", "info": "", "images": [{"small": "https://rema-product-images.digital.rema1000.dk/191054/1-small-Al903ERDq8.webp", "medium": "https://rema-product-images.digital.rema1000.dk/191054/1-medium-Al903ERDq8.webp", "large": "https://rema-product-images.digital.rema1000.dk/191054/1-large-Al903ERDq8.webp"}], "prices": [{"price": 10.25, "price_over_max_quantity": null, "max_quantity": null, "is_advertised": false, "is_campaign": false, "starting_at": "2024-04-04T00:00:00+00:00", "ending_at": "2099-12-31T00:00:00+00:00", "deposit": null, "compare_unit": "kg", "compare_unit_price": 205, "consumption_unit": null, "consumption_quantity": null}], "temperature_zone": null, "is_self_scale_item": false, "is_weight_item": false, "is_available_in_all_stores": true, "is_batch_item": false}
{"id": 191056, "name": "KATTESTICKS M/FISK", "underline": "50 GR. / REMA 1000", "age_limit": null, "hazard_precaution_statements": [], "labels": [{"id": 2, "name": "REMA1000", "image": "https://static-assets.digital.rema1000.dk/product/labels/2-64.webp"}, {"id": 9, "name": "MSC", "image": "https://static-assets.digital.rema1000.dk/product/labels/9-64.webp"}], "description": "Gives som godbid. Anvendes som supplement til foder, der dækker kattens behov for næringsstoffer. Katten skal have adgang til rigeligt frisk vand.<br />", "info": "", "images": [{"small": "https://rema-product-images.digital.rema1000.dk/191056/1-small-18oXw41JPk.webp", "medium": "https://rema-product-images.digital.rema1000.dk/191056/1-medium-18oXw41JPk.webp", "large": "https://rema-product-images.digital.rema1000.dk/191056/1-large-18oXw41JPk.webp"}], "prices": [{"price": 10.25, "price_over_max_quantity": null, "max_quantity": null, "is_advertised": false, "is_campaign": false, "starting_at": "2024-04-04T00:00:00+00:00", "ending_at": "2099-12-31T00:00:00+00:00", "deposit": null, "compare_unit": "kg", "compare_unit_price": 205, "consumption_unit": null, "consumption_quantity": null}], "temperature_zone": null, "is_self_scale_item": false, "is_weight_item": false, "is_available_in_all_stores": true, "is_batch_item": false}
{"id": 191070, "name": "HUNDESTICKS M/OKSE", "underline": "88 GR. / REMA 1000", "age_limit": null, "hazard_precaution_statements": [], "labels": [{"id": 2, "name": "REMA1000", "image": "https://static-assets.digital.rema1000.dk/product/labels/2-64.webp"}], "description": "Gives som godbid. Anvendes som supplement til foder, der dækker hundens daglige behov for næringsstoffer. Hunden skal have adgang til rigeligt frisk vand.<br />", "info": "", "images": [{"small": "https://rema-product-images.digital.rema1000.dk/191070/1-small-kOq33v4Vq6.webp", "medium": "https://rema-product-images.digital.rema1000.dk/191070/1-medium-kOq33v4Vq6.webp", "large": "https://rema-product-images.digital.rema1000.dk/191070/1-large-kOq33v4Vq6.webp"}], "prices": [{"price": 14.5, "price_over_max_quantity": null, "max_quantity": null, "is_advertised": false, "is_campaign": false, "starting_at": "2024-04-04T00:00:00+00:00", "ending_at": "2099-12-31T00:00:00+00:00", "deposit": null, "compare_unit": "kg", "compare_unit_price": 164.77, "consumption_unit": null, "consumption_quantity": null}], "temperature_zone": null, "is_self_scale_item": false, "is_weight_item": false, "is_available_in_all_stores": true, "is_batch_item": false}
{"id": 191072, "name": "HUNDESTICKS M/FJERKRÆ", "underline": "88 GR. / REMA 1000", "age_limit": null, "hazard_precaution_statements": [], "labels": [{"id": 2, "name": "REMA1000", "image": "https://static-assets.digital.rema1000.dk/product/labels/2-64.webp"}], "description": "Gives som godbid. Anvendes som supplement til foder, der dækker hundens daglige behov for næringsstoffer. Hunden skal have adgang til rigeligt frisk vand.<br />", "info": "", "images": [{"small": "https://rema-product-images.digital.rema1000.dk/191072/1-small-xyqa43kEoD.webp", "medium": "https://rema-product-images.digital.rema1000.dk/191072/1-medium-xyqa43kEoD.webp", "large": "https://rema-product-images.digital.rema1000.dk/191072/1-large-xyqa43kEoD.webp"}], "prices": [{"price": 14.5, "price_over_max_quantity": null, "max_quantity": null, "is_advertised": false, "is_campaign": false, "starting_at": "2024-04-04T00:00:00+00:00", "ending_at": "2099-12-31T00:00:00+00:00", "deposit": null, "compare_unit": "kg", "compare_unit_price": 164.77, "consumption_unit": null, "consumption_quantity": null}], "temperature_zone": null, "is_self_scale_item": false, "is_weight_item": false, "is_available_in_all_stores": true, "is_batch_item": false}
{"id": 191073, "name": "TYGGEBEN", "underline": "70 GR. / REMA 1000", "age_limit": null, "hazard_precaution_statements": [], "labels": [{"id": 2, "name": "REMA1000", "image": "https://static-assets.digital.rema1000.dk/product/labels/2-64.webp"}], "description": "Gives som godbid. Det anbefales, at hunden er under opsyn af ejeren når den spiser tyggeben, da halvspiste bidder kan sætte sig fast i forskellige dele af fordøjelsessystemet. Hunden skal have adgang til rigeligt frisk vand.<br />", "info": "", "images": [{"small": "https://rema-product-images.digital.rema1000.dk/191073/1-small-pYqx3Vkpo1.webp", "medium": "https://rema-product-images.digital.rema1000.dk/191073/1-medium-pYqx3Vkpo1.webp", "large": "https://rema-product-images.digital.rema1000.dk/191073/1-large-pYqx3Vkpo1.webp"}], "prices": [{"price": 11.5, "price_over_max_quantity": null, "max_quantity": null, "is_advertised": false, "is_campaign": false, "starting_at": "2023-07-06T00:00:00+00:00", "ending_at": "2099-12-31T00:00:00+00:00", "deposit": null, "compare_unit": "kg", "compare_unit_price": 164.29, "consumption_unit": null, "consumption_quantity": null}], "temperature_zone": null, "is_self_scale_item": false, "is_weight_item": false, "is_available_in_all_stores": true, "is_batch_item": false}
{"id": 191074, "name": "GRISEØRER", "underline": "3 STK. / REMA 1000", "age_limit": null, "hazard_precaution_statements": [], "labels": [{"id": 2, "name": "REMA1000", "image": "https://static-assets.digital.rema1000.dk/product/labels/2-64.webp"}], "description": "Anvendes som supplement til foder, der dækker hundens daglige behov for næringsstoffer. - Dosering: Gives som godbid.<br /> ", "info": "", "images": [{"small": "https://rema-product-images.digital.rema1000.dk/191074/1-small-869D638EoM.webp", "medium": "https://rema-product-images.digital.rema1000.dk/191074/1-medium-869D638EoM.webp", "large": "https://rema-product-images.digital.rema1000.dk/191074/1-large-869D638EoM.webp"}], "prices": [{"price": 23.95, "price_over_max_quantity": null, "max_quantity": null, "is_advertised": false, "is_campaign": false, "starting_at": "2022-07-28T00:00:00+00:00", "ending_at": "2099-12-31T00:00:00+00:00", "deposit": null, "compare_unit": "stk", "compare_unit_price": 7.98, "consumption_unit": null, "consumption_quantity": null}], "temperature_zone": null, "is_self_scale_item": false, "is_weight_item": false, "is_available_in_all_stores": true, "is_batch_item": false}
{"id": 191076, "name": "TWISTERS", "underline": "100 GR. / REMA 1000", "age_limit": null, "hazard_precaution_statements": [], "labels": [{"id": 2, "name": "REMA1000", "image": "https://static-assets.digital.rema1000.dk/product/labels/2-64.webp"}], "description": "Anvendes som supplement til foder, der dækker hundens daglige behov for næringsstoffer. Dosering: Gives som godbid.<br />  ", "info": "", "images": [{"small": "https://rema-product-images.digital.rema1000.dk/191076/1-small-nDPWzldB9W.webp", "medium": "https://rema-product-images.digital.rema1000.dk/191076/1-medium-nDPWzldB9W.webp", "large": "https://rema-product-images.digital.rema1000.dk/191076/1-large-nDPWzldB9W.webp"}], "prices": [{"price": 7.5, "price_over_max_quantity": null, "max_quantity": null, "is_advertised": false, "is_campaign": false, "starting_at": "2024-04-04T00:00:00+00:00", "ending_at": "2099-12-31T00:00:00+00:00", "deposit": null, "compare_unit": "kg", "compare_unit_price": 75, "consumption_unit": null, "consumption_quantity": null}], "temperature_zone": null, "is_self_scale_item": false, "is_weight_item": false, "is_available_in_all_stores": true, "is_batch_item": false}
{"id": 191132, "name": "HUNDEMAD M/OKSE", "underline": "300 GR. / REMA 1000", "age_limit": null, "hazard_precaution_statements": [], "labels": [{"id": 2, "name": "REMA1000", "image": "https://static-assets.digital.rema1000.dk/product/labels/2-64.webp"}], "description": "Sammensætningen af foderet dækker den voksne hunds daglige behov for næringsstoffer.<br />", "info": "", "images": [{"small": "https://rema-product-images.digital.rema1000.dk/191132/1-small-nDPWzlQk9W.webp", "medium": "https://rema-product-images.digital.rema1000.dk/191132/1-medium-nDPWzlQk9W.webp", "large": "https://rema-product-images.digital.rema1000.dk/191132/1-large-nDPWzlQk9W.webp"}], "prices": [{"price": 4.25, "price_over_max_quantity": null, "max_quantity": null, "is_advertised": false, "is_campaign": false, "starting_at": "2023-11-23T00:00:00+00:00", "ending_at": "2099-12-31T00:00:00+00:00", "deposit": null, "compare_unit": "kg", "compare_unit_price": 14.17, "consumption_unit": null, "consumption_quantity": null}], "temperature_zone": null, "is_self_scale_item": false, "is_weight_item": false, "is_available_in_all_stores": true, "is_batch_item": false}
{"id": 191134, "name": "HUNDEMAD M/KYLLING", "underline": "300 GR. / REMA 1000", "age_limit": null, "hazard_precaution_statements": [], "labels": [{"id": 2, "name": "REMA1000", "image": "https://static-assets.digital.rema1000.dk/product/labels/2-64.webp"}], "description": "Sammensætningen af foderet dækker den voksne hunds daglige behov for næringsstoffer. Foderet skal have stuetemperatur ved anvendelse. Hunden skal have adgang til rigeligt frisk vand.<br />", "info": "", "images": [{"small": "https://rema-product-images.digital.rema1000.dk/191134/1-small-yLqGjdkAod.webp", "medium": "https://rema-product-images.digital.rema1000.dk/191134/1-medium-yLqGjdkAod.webp", "large": "https://rema-product-images.digital.rema1000.dk/191134/1-large-yLqGjdkAod.webp"}], "prices": [{"price": 4.25, "price_over_max_quantity": null, "max_quantity": null, "is_advertised": false, "is_campaign": false, "starting_at": "2023-11-23T00:00:00+00:00", "ending_at": "2099-12-31T00:00:00+00:00", "deposit": null, "compare_unit": "kg", "compare_unit_price": 14.17, "consumption_unit": null, "consumption_quantity": null}], "temperature_zone": null, "is_self_scale_item": false, "is_weight_item": false, "is_available_in_all_stores": true, "is_batch_item": false}
{"id": 191135, "name": "HUNDEMAD M/FJERKRÆ", "underline": "1240 GR. / REMA 1000", "age_limit": null, "hazard_precaution_statements": [], "labels": [{"id": 2, "name": "REMA1000", "image": "https://static-assets.digital.rema1000.dk/product/labels/2-64.webp"}], "description": "Sammensætningen af foderet dækker den voksne hunds daglige behov for næringsstoffer. ", "info": "", "images": [{"small": "https://rema-product-images.digital.rema1000.dk/191135/1-small-Gb9k6a4yq7.webp", "medium": "https://rema-product-images.digital.rema1000.dk/191135/1-medium-Gb9k6a4yq7.webp", "large": "https://rema-product-images.digital.rema1000.dk/191135/1-large-Gb9k6a4yq7.webp"}], "prices": [{"price": 14.5, "price_over_max_quantity": null, "max_quantity": null, "is_advertised": false, "is_campaign": false, "starting_at": "2023-01-12T00:00:00+00:00", "ending_at": "2025-09-13T00:00:00+00:00", "deposit": null, "compare_unit": "kg", "compare_unit_price": 11.69, "consumption_unit": null, "consumption_quantity": null}], "temperature_zone": null, "is_self_scale_item": false, "is_weight_item": false, "is_available_in_all_stores": true, "is_batch_item": false}
{"id": 192358, "name": "TYGGESTÆNGER", "underline": "130 GR. / REMA 1000", "age_limit": null, "hazard_precaution_statements": [], "labels": [{"id": 2, "name": "REMA1000", "image": "https://static-assets.digital.rema1000.dk/product/labels/2-64.webp"}], "description": "Hundesnacks<br /> Tørfoder<br /> <br />", "info": "", "images": [{"small": "https://rema-product-images.digital.rema1000.dk/192358/1-small-3MovwzJLqA.webp", "medium": "https://rema-product-images.digital.rema1000.dk/192358/1-medium-3MovwzJLqA.webp", "large": "https://rema-product-images.digital.rema1000.dk/192358/1-large-3MovwzJLqA.webp"}], "prices": [{"price": 11.95, "price_over_max_quantity": null, "max_quantity": null, "is_advertised": false, "is_campaign": false, "starting_at": "2023-07-06T00:00:00+00:00", "ending_at": "2099-12-31T00:00:00+00:00", "deposit": null, "compare_unit": "kg", "compare_unit_price": 91.92, "consumption_unit": null, "consumption_quantity": null}], "temperature_zone": null, "is_self_scale_item": false, "is_weight_item": false, "is_available_in_all_stores": true, "is_batch_item": false}
{"id": 192360, "name": "HUNDEGODBID M/OKSE", "underline": "200 GR. / REMA 1000", "age_limit": null, "hazard_precaution_statements": [], "labels": [{"id": 2, "name": "REMA1000", "image": "https://static-assets.digital.rema1000.dk/product/labels/2-64.webp"}], "description": "Anvendes som supplement til foder, der dækker hundens daglige behov for næringsstoffer. ", "info": "", "images": [{"small": "https://rema-product-images.digital.rema1000.dk/192360/1-small-6xqAxa4YoD.webp", "medium": "https://rema-product-images.digital.rema1000.dk/192360/1-medium-6xqAxa4YoD.webp", "large": "https://rema-product-images.digital.rema1000.dk/192360/1-large-6xqAxa4YoD.webp"}], "prices": [{"price": 7.95, "price_over_max_quantity": null, "max_quantity": null, "is_advertised": false, "is_campaign": false, "starting_at": "2021-06-17T00:00:00+00:00", "ending_at": "2099-12-31T00:00:00+00:00", "deposit": null, "compare_unit": "kg", "compare_unit_price": 39.75, "consumption_unit": null, "consumption_quantity": null}], "temperature_zone": null, "is_self_scale_item": false, "is_weight_item": false, "is_available_in_all_stores": true, "is_batch_item": false}
{"id": 192362, "name": "HUNDEGODBID M/FJERK.", "underline": "120 GR. / REMA1000", "age_limit": null, "hazard_precaution_statements": [], "labels": [{"id": 2, "name": "REMA1000", "image": "https://static-assets.digital.rema1000.dk/product/labels/2-64.webp"}], "description": "Anvendes som supplement til foder, der dækker den voksne hunds behov for næringsstoffer. Gives som godbid. Hunden skal have adgang til rigeligt frisk vand.<br />", "info": "", "images": [{"small": "https://rema-product-images.digital.rema1000.dk/192362/1-small-2B94YEnrPk.webp", "medium": "https://rema-product-images.digital.rema1000.dk/192362/1-medium-2B94YEnrPk.webp", "large": "https://rema-product-images.digital.rema1000.dk/192362/1-large-2B94YEnrPk.webp"}], "prices": [{"price": 5.5, "price_over_max_quantity": null, "max_quantity": null, "is_advertised": false, "is_campaign": false, "starting_at": "2024-09-05T00:00:00+00:00", "ending_at": "2099-12-31T00:00:00+00:00", "deposit": null, "compare_unit": "kg", "compare_unit_price": 45.83, "consumption_unit": null, "consumption_quantity": null}], "temperature_zone": null, "is_self_scale_item": false, "is_weight_item": false, "is_available_in_all_stores": true, "is_batch_item": false}
{"id": 192364, "name": "DENTAL STICKS", "underline": "180 GR. / REMA 1000", "age_limit": null, "hazard_precaution_statements": [], "labels": [{"id": 2, "name": "REMA1000", "image": "https://static-assets.digital.rema1000.dk/product/labels/2-64.webp"}], "description": "Tyggeben, der hjælper til med at holde tænderne rene. Semi-moist. <br /> Anvendes som supplement til foder, der dækker den voksne hunds behov for næringsstoffer. Gives som godbid. Hunden skal have adgang til rigeligt frisk vand.<br />", "info": "", "images": [{"small": "https://rema-product-images.digital.rema1000.dk/192364/1-small-AKqeLJzKop.webp", "medium": "https://rema-product-images.digital.rema1000.dk/192364/1-medium-AKqeLJzKop.webp", "large": "https://rema-product-images.digital.rema1000.dk/192364/1-large-AKqeLJzKop.webp"}], "prices": [{"price": 6.95, "price_over_max_quantity": null, "max_quantity": null, "is_advertised": false, "is_campaign": false, "starting_at": "2023-11-30T00:00:00+00:00", "ending_at": "2099-12-31T00:00:00+00:00", "deposit": null, "compare_unit": "kg", "compare_unit_price": 38.61, "consumption_unit": null, "consumption_quantity": null}], "temperature_zone": null, "is_self_scale_item": false, "is_weight_item": false, "is_available_in_all_stores": true, "is_batch_item": false}
{"id": 194427, "name": "HUNDEKIKS M/FJERKRÆ", "underline": "300 GR. / REMA 1000", "age_limit": null, "hazard_precaution_statements": [], "labels": [{"id": 2, "name": "REMA1000", "image": "https://static-assets.digital.rema1000.dk/product/labels/2-64.webp"}], "description": "Anvendes som supplement til foder, der dækker den voksne hunds behov for næringsstoffer. Gives som godbid. Hunden skal have adgang til rigeligt frisk vand.<br />", "info": "", "images": [{"small": "https://rema-product-images.digital.rema1000.dk/194427/1-small-OW9OzbvYqg.webp", "medium": "https://rema-product-images.digital.rema1000.dk/194427/1-medium-OW9OzbvYqg.webp", "large": "https://rema-product-images.digital.rema1000.dk/194427/1-large-OW9OzbvYqg.webp"}], "prices": [{"price": 8.95, "price_over_max_quantity": null, "max_quantity": null, "is_advertised": false, "is_campaign": false, "starting_at": "2022-09-29T00:00:00+00:00", "ending_at": "2099-12-31T00:00:00+00:00", "deposit": null, "compare_unit": "kg", "compare_unit_price": 29.83, "consumption_unit": null, "consumption_quantity": null}], "temperature_zone": null, "is_self_scale_item": false, "is_weight_item": false, "is_available_in_all_stores": true, "is_batch_item": false}
{"id": 194590, "name": "KYLLINGE SNACK", "underline": "80 GR. / EXCELLENT PET", "age_limit": null, "hazard_precaution_statements": [], "labels": [], "description": "Kornfri Til alle hunderacer", "info": "", "images": [{"small": "https://rema-product-images.digital.rema1000.dk/194590/1-small-kAonMQ55Px.webp", "medium": "https://rema-product-images.digital.rema1000.dk/194590/1-medium-kAonMQ55Px.webp", "large": "https://rema-product-images.digital.rema1000.dk/194590/1-large-kAonMQ55Px.webp"}], "prices": [{"price": 14.5, "price_over_max_quantity": null, "max_quantity": null, "is_advertised": false, "is_campaign": false, "starting_at": "2023-08-03T00:00:00+00:00", "ending_at": "2099-12-31T00:00:00+00:00", "deposit": null, "compare_unit": "kg", "compare_unit_price": 181.25, "consumption_unit": null, "consumption_quantity": null}], "temperature_zone": null, "is_self_scale_item": false, "is_weight_item": false, "is_available_in_all_stores": true, "is_batch_item": false}
{"id": 194591, "name": "TYGGEBEN M/KYLLING", "underline": "80 GR. / EXCELLENT PET", "age_limit": null, "hazard_precaution_statements": [], "labels": [], "description": null, "info": "", "images": [{"small": "https://rema-product-images.digital.rema1000.dk/194591/1-small-3MoMBbRyq5.webp", "medium": "https://rema-product-images.digital.rema1000.dk/194591/1-medium-3MoMBbRyq5.webp", "large": "https://rema-product-images.digital.rema1000.dk/194591/1-large-3MoMBbRyq5.webp"}], "prices": [{"price": 14.5, "price_over_max_quantity": null, "max_quantity": null, "is_advertised": false, "is_campaign": false, "starting_at": "2023-08-03T00:00:00+00:00", "ending_at": "2099-12-31T00:00:00+00:00", "deposit": null, "compare_unit": "kg", "compare_unit_price": 181.25, "consumption_unit": null, "consumption_quantity": null}], "temperature_zone": null, "is_self_scale_item": false, "is_weight_item": false, "is_available_in_all_stores": true, "is_batch_item": false}
{"id": 194820, "name": "FISKEFODER", "underline": "100 ML. / NATURA", "age_limit": null, "hazard_precaution_statements": [], "labels": [], "description": null, "info": "", "images": [{"small": "https://rema-product-images.digital.rema1000.dk/194820/1-small-AKqeLe4Zop.webp", "medium": "https://rema-product-images.digital.rema1000.dk/194820/1-medium-AKqeLe4Zop.webp", "large": "https://rema-product-images.digital.rema1000.dk/194820/1-large-AKqeLe4Zop.webp"}], "prices": [{"price": 11.95, "price_over_max_quantity": null, "max_quantity": null, "is_advertised": false, "is_campaign": false, "starting_at": "2013-04-16T00:00:00+00:00", "ending_at": "2099-12-31T00:00:00+00:00", "deposit": null, "compare_unit": "ltr", "compare_unit_price": 119.5, "consumption_unit": null, "consumption_quantity": null}], "temperature_zone": null, "is_self_scale_item": false, "is_weight_item": false, "is_available_in_all_stores": true, "is_batch_item": false}
{"id": 196240, "name": "KATTEFULDFODER", "underline": "2 KG. / REMA 1000, M/FISK", "age_limit": null, "hazard_precaution_statements": [], "labels": [{"id": 2, "name": "REMA1000", "image": "https://static-assets.digital.rema1000.dk/product/labels/2-64.webp"}], "description": "Sammensætningen af foderet dækker den voksne kats daglige behov for næringsstoffer. <br />", "info": "", "images": [{"small": "https://rema-product-images.digital.rema1000.dk/196240/1-small-rQqQp5Yvoe.webp", "medium": "https://rema-product-images.digital.rema1000.dk/196240/1-medium-rQqQp5Yvoe.webp", "large": "https://rema-product-images.digital.rema1000.dk/196240/1-large-rQqQp5Yvoe.webp"}], "prices": [{"price": 24.95, "price_over_max_quantity": null, "max_quantity": null, "is_advertised": false, "is_campaign": false, "starting_at": "2022-12-29T00:00:00+00:00", "ending_at": "2025-09-13T00:00:00+00:00", "deposit": null, "compare_unit": "kg", "compare_unit_price": 12.48, "consumption_unit": null, "consumption_quantity": null}], "temperature_zone": null, "is_self_scale_item": false, "is_weight_item": false, "is_available_in_all_stores": true, "is_batch_item": false}
{"id": 196501, "name": "KATTEMAD VILDT", "underline": "415 GR. / REMA 1000", "age_limit": null, "hazard_precaution_statements": [], "labels": [{"id": 2, "name": "REMA1000", "image": "https://static-assets.digital.rema1000.dk/product/labels/2-64.webp"}], "description": "Sammensætningen af foderet dækker den voksne kats daglige behov for næringsstoffer.", "info": "", "images": [{"small": "https://rema-product-images.digital.rema1000.dk/196501/1-small-ElPB6nQWPk.webp", "medium": "https://rema-product-images.digital.rema1000.dk/196501/1-medium-ElPB6nQWPk.webp", "large": "https://rema-product-images.digital.rema1000.dk/196501/1-large-ElPB6nQWPk.webp"}], "prices": [{"price": 6.95, "price_over_max_quantity": null, "max_quantity": null, "is_advertised": false, "is_campaign": false, "starting_at": "2023-01-12T00:00:00+00:00", "ending_at": "2099-12-31T00:00:00+00:00", "deposit": null, "compare_unit": "kg", "compare_unit_price": 16.75, "consumption_unit": null, "consumption_quantity": null}], "temperature_zone": null, "is_self_scale_item": false, "is_weight_item": false, "is_available_in_all_stores": true, "is_batch_item": false}
{"id": 196502, "name": "KATTEMAD OKSE", "underline": "415 GR. / REMA 1000", "age_limit": null, "hazard_precaution_statements": [], "labels": [{"id": 2, "name": "REMA1000", "image": "https://static-assets.digital.rema1000.dk/product/labels/2-64.webp"}], "description": "Sammensætningen af foderet dækker den voksne kats daglige behov for næringsstoffer. <br />", "info": "", "images": [{"small": "https://rema-product-images.digital.rema1000.dk/196502/1-small-kAonMeAbPx.webp", "medium": "https://rema-product-images.digital.rema1000.dk/196502/1-medium-kAonMeAbPx.webp", "large": "https://rema-product-images.digital.rema1000.dk/196502/1-large-kAonMeAbPx.webp"}], "prices": [{"price": 6.95, "price_over_max_quantity": null, "max_quantity": null, "is_advertised": false, "is_campaign": false, "starting_at": "2023-01-12T00:00:00+00:00", "ending_at": "2099-12-31T00:00:00+00:00", "deposit": null, "compare_unit": "kg", "compare_unit_price": 16.75, "consumption_unit": null, "consumption_quantity": null}], "temperature_zone": null, "is_self_scale_item": false, "is_weight_item": false, "is_available_in_all_stores": true, "is_batch_item": false}
{"id": 196503, "name": "KATTEMAD KYLLING", "underline": "415 GR. / REMA 1000", "age_limit": null, "hazard_precaution_statements": [], "labels": [{"id": 2, "name": "REMA1000", "image": "https://static-assets.digital.rema1000.dk/product/labels/2-64.webp"}], "description": "Sammensætningen af foderet dækker den voksne kats daglige behov for næringsstoffer, <br />", "info": "", "images": [{"small": "https://rema-product-images.digital.rema1000.dk/196503/1-small-3MoMBwG1q5.webp", "medium": "https://rema-product-images.digital.rema1000.dk/196503/1-medium-3MoMBwG1q5.webp", "large": "https://rema-product-images.digital.rema1000.dk/196503/1-large-3MoMBwG1q5.webp"}], "prices": [{"price": 6.95, "price_over_max_quantity": null, "max_quantity": null, "is_advertised": false, "is_campaign": false, "starting_at": "2023-01-12T00:00:00+00:00", "ending_at": "2099-12-31T00:00:00+00:00", "deposit": null, "compare_unit": "kg", "compare_unit_price": 16.75, "consumption_unit": null, "consumption_quantity": null}], "temperature_zone": null, "is_self_scale_item": false, "is_weight_item": false, "is_available_in_all_stores": true, "is_batch_item": false}
{"id": 196504, "name": "KATTEMAD M/VILDT", "underline": "100 GR. / REMA 1000", "age_limit": null, "hazard_precaution_statements": [], "labels": [{"id": 2, "name": "REMA1000", "image": "https://static-assets.digital.rema1000.dk/product/labels/2-64.webp"}], "description": "Sammensætningen af foderet dækker den voksne kats daglige behov for næringsstoffer. Vejledende dosering: Dagligt gives ca. 260-290 g foder til voksen kat på 4 kg, helst fordelt over 3 måltider. <br /> ", "info": "", "images": [{"small": "https://rema-product-images.digital.rema1000.dk/196504/1-small-OJq5aObzqp.webp", "medium": "https://rema-product-images.digital.rema1000.dk/196504/1-medium-OJq5aObzqp.webp", "large": "https://rema-product-images.digital.rema1000.dk/196504/1-large-OJq5aObzqp.webp"}], "prices": [{"price": 3.25, "price_over_max_quantity": null, "max_quantity": null, "is_advertised": false, "is_campaign": false, "starting_at": "2023-01-12T00:00:00+00:00", "ending_at": "2099-12-31T00:00:00+00:00", "deposit": null, "compare_unit": "kg", "compare_unit_price": 32.5, "consumption_unit": null, "consumption_quantity": null}], "temperature_zone": null, "is_self_scale_item": false, "is_weight_item": false, "is_available_in_all_stores": true, "is_batch_item": false}
{"id": 196506, "name": "KATTEMAD, FISK & REJER", "underline": "100 GR. / REMA 1000", "age_limit": null, "hazard_precaution_statements": [], "labels": [{"id": 2, "name": "REMA1000", "image": "https://static-assets.digital.rema1000.dk/product/labels/2-64.webp"}], "description": "Sammensætningen af foderet dækker den voksne kats daglige behov for næringsstoffer. Vejledende dosering: Dagligt gives ca. 260-290 g foder til voksen kat på 4 kg, helst fordelt over 3 måltider.", "info": "", "images": [{"small": "https://rema-product-images.digital.rema1000.dk/196506/1-small-vVorQN7QP3.webp", "medium": "https://rema-product-images.digital.rema1000.dk/196506/1-medium-vVorQN7QP3.webp", "large": "https://rema-product-images.digital.rema1000.dk/196506/1-large-vVorQN7QP3.webp"}], "prices": [{"price": 3.25, "price_over_max_quantity": null, "max_quantity": null, "is_advertised": false, "is_campaign": false, "starting_at": "2023-01-12T00:00:00+00:00", "ending_at": "2099-12-31T00:00:00+00:00", "deposit": null, "compare_unit": "kg", "compare_unit_price": 32.5, "consumption_unit": null, "consumption_quantity": null}], "temperature_zone": null, "is_self_scale_item": false, "is_weight_item": false, "is_available_in_all_stores": true, "is_batch_item": false}
{"id": 196508, "name": "KATTEMAD M/OKSE", "underline": "100 GR. / REMA 1000", "age_limit": null, "hazard_precaution_statements": [], "labels": [{"id": 2, "name": "REMA1000", "image": "https://static-assets.digital.rema1000.dk/product/labels/2-64.webp"}], "description": "Sammensætningen af foderet dækker den voksne kats daglige behov for næringsstoffer. Vejledende dosering: Dagligt gives ca. 260-290 g foder til voksen kat på 4 kg, helst fordelt over 3 måltider.", "info": "", "images": [{"small": "https://rema-product-images.digital.rema1000.dk/196508/1-small-NpP7OmR0PO.webp", "medium": "https://rema-product-images.digital.rema1000.dk/196508/1-medium-NpP7OmR0PO.webp", "large": "https://rema-product-images.digital.rema1000.dk/196508/1-large-NpP7OmR0PO.webp"}], "prices": [{"price": 3.25, "price_over_max_quantity": null, "max_quantity": null, "is_advertised": false, "is_campaign": false, "starting_at": "2023-01-12T00:00:00+00:00", "ending_at": "2099-12-31T00:00:00+00:00", "deposit": null, "compare_unit": "kg", "compare_unit_price": 32.5, "consumption_unit": null, "consumption_quantity": null}], "temperature_zone": null, "is_self_scale_item": false, "is_weight_item": false, "is_available_in_all_stores": true, "is_batch_item": false}
{"id": 196933, "name": "MOLER KATTEGRUS", "underline": "8 LTR. / REMA 1000", "age_limit": null, "hazard_precaution_statements": [], "labels": [{"id": 2, "name": "REMA1000", "image": "https://static-assets.digital.rema1000.dk/product/labels/2-64.webp"}], "description": "Letvægtskattegrus, der opfylder Dansk Varefakta Nævns krav til  kornstørrelse, rumvægt og pH.", "info": "", "images": [{"small": "https://rema-product-images.digital.rema1000.dk/196933/1-small-YLPj7Wp6ok.webp", "medium": "https://rema-product-images.digital.rema1000.dk/196933/1-medium-YLPj7Wp6ok.webp", "large": "https://rema-product-images.digital.rema1000.dk/196933/1-large-YLPj7Wp6ok.webp"}], "prices": [{"price": 19.95, "price_over_max_quantity": null, "max_quantity": null, "is_advertised": false, "is_campaign": false, "starting_at": "2022-05-26T00:00:00+00:00", "ending_at": "2099-12-31T00:00:00+00:00", "deposit": null, "compare_unit": "ltr", "compare_unit_price": 2.49, "consumption_unit": null, "consumption_quantity": null}], "temperature_zone": null, "is_self_scale_item": false, "is_weight_item": false, "is_available_in_all_stores": true, "is_batch_item": false}
{"id": 196934, "name": "HVIDT KATTEGRUS", "underline": "8 LTR. / REMA 1000", "age_limit": null, "hazard_precaution_statements": [], "labels": [{"id": 2, "name": "REMA1000", "image": "https://static-assets.digital.rema1000.dk/product/labels/2-64.webp"}], "description": "Klumpende kattegrus, der opfylder Dansk Varefakta Nævns krav til  kornstørrelse, klumpeevne, sugetid, rumvægt og pH.", "info": "", "images": [{"small": "https://rema-product-images.digital.rema1000.dk/196934/1-small-yLqGjgkZod.webp", "medium": "https://rema-product-images.digital.rema1000.dk/196934/1-medium-yLqGjgkZod.webp", "large": "https://rema-product-images.digital.rema1000.dk/196934/1-large-yLqGjgkZod.webp"}], "prices": [{"price": 34.95, "price_over_max_quantity": null, "max_quantity": null, "is_advertised": false, "is_campaign": false, "starting_at": "2024-03-28T00:00:00+00:00", "ending_at": "2025-09-13T00:00:00+00:00", "deposit": null, "compare_unit": "ltr", "compare_unit_price": 4.37, "consumption_unit": null, "consumption_quantity": null}], "temperature_zone": null, "is_self_scale_item": false, "is_weight_item": false, "is_available_in_all_stores": true, "is_batch_item": false}
{"id": 197710, "name": "FODER TIL UNDULATER", "underline": "1 KG. / NATURA", "age_limit": null, "hazard_precaution_statements": [], "labels": [], "description": null, "info": "", "images": [{"small": "https://rema-product-images.digital.rema1000.dk/197710/1-small-Al903yMBq8.webp", "medium": "https://rema-product-images.digital.rema1000.dk/197710/1-medium-Al903yMBq8.webp", "large": "https://rema-product-images.digital.rema1000.dk/197710/1-large-Al903yMBq8.webp"}], "prices": [{"price": 22.5, "price_over_max_quantity": null, "max_quantity": null, "is_advertised": false, "is_campaign": false, "starting_at": "2024-04-04T00:00:00+00:00", "ending_at": "2099-12-31T00:00:00+00:00", "deposit": null, "compare_unit": "kg", "compare_unit_price": 22.5, "consumption_unit": null, "consumption_quantity": null}], "temperature_zone": null, "is_self_scale_item": false, "is_weight_item": false, "is_available_in_all_stores": true, "is_batch_item": false}
{"id": 197762, "name": "FUGLENØDDER", "underline": "1 KG. / REMA 1000", "age_limit": null, "hazard_precaution_statements": [], "labels": [{"id": 2, "name": "REMA1000", "image": "https://static-assets.digital.rema1000.dk/product/labels/2-64.webp"}], "description": null, "info": "", "images": [{"small": "https://rema-product-images.digital.rema1000.dk/197762/1-small-2B94YOMGPk.webp", "medium": "https://rema-product-images.digital.rema1000.dk/197762/1-medium-2B94YOMGPk.webp", "large": "https://rema-product-images.digital.rema1000.dk/197762/1-large-2B94YOMGPk.webp"}], "prices": [{"price": 26.95, "price_over_max_quantity": null, "max_quantity": null, "is_advertised": false, "is_campaign": false, "starting_at": "2022-05-09T00:00:00+00:00", "ending_at": "2099-12-31T00:00:00+00:00", "deposit": null, "compare_unit": "kg", "compare_unit_price": 26.95, "consumption_unit": null, "consumption_quantity": null}], "temperature_zone": null, "is_self_scale_item": false, "is_weight_item": false, "is_available_in_all_stores": true, "is_batch_item": false}
{"id": 197764, "name": "FODERBLANDING", "underline": "2.5 KG. / REMA 1000", "age_limit": null, "hazard_precaution_statements": [], "labels": [{"id": 2, "name": "REMA1000", "image": "https://static-assets.digital.rema1000.dk/product/labels/2-64.webp"}], "description": null, "info": "", "images": [{"small": "https://rema-product-images.digital.rema1000.dk/197764/1-small-AKqeLdyRop.webp", "medium": "https://rema-product-images.digital.rema1000.dk/197764/1-medium-AKqeLdyRop.webp", "large": "https://rema-product-images.digital.rema1000.dk/197764/1-large-AKqeLdyRop.webp"}], "prices": [{"price": 21.95, "price_over_max_quantity": null, "max_quantity": null, "is_advertised": false, "is_campaign": false, "starting_at": "2023-09-21T00:00:00+00:00", "ending_at": "2099-12-31T00:00:00+00:00", "deposit": null, "compare_unit": "kg", "compare_unit_price": 8.78, "consumption_unit": null, "consumption_quantity": null}], "temperature_zone": null, "is_self_scale_item": false, "is_weight_item": false, "is_available_in_all_stores": true, "is_batch_item": false}
{"id": 197772, "name": "SOLSIKKEFRØ", "underline": "2.5 KG. / REMA 1000", "age_limit": null, "hazard_precaution_statements": [], "labels": [{"id": 2, "name": "REMA1000", "image": "https://static-assets.digital.rema1000.dk/product/labels/2-64.webp"}], "description": null, "info": "", "images": [{"small": "https://rema-product-images.digital.rema1000.dk/197772/1-small-xyqa4XypoD.webp", "medium": "https://rema-product-images.digital.rema1000.dk/197772/1-medium-xyqa4XypoD.webp", "large": "https://rema-product-images.digital.rema1000.dk/197772/1-large-xyqa4XypoD.webp"}], "prices": [{"price": 32.95, "price_over_max_quantity": null, "max_quantity": null, "is_advertised": false, "is_campaign": false, "starting_at": "2023-09-21T00:00:00+00:00", "ending_at": "2099-12-31T00:00:00+00:00", "deposit": null, "compare_unit": "kg", "compare_unit_price": 13.18, "consumption_unit": null, "consumption_quantity": null}], "temperature_zone": null, "is_self_scale_item": false, "is_weight_item": false, "is_available_in_all_stores": true, "is_batch_item": false}
{"id": 198245, "name": "FUGLESAND", "underline": "2.5 KG. / NATURA", "age_limit": null, "hazard_precaution_statements": [], "labels": [], "description": null, "info": "", "images": [{"small": "https://rema-product-images.digital.rema1000.dk/198245/1-small-ElPB6A8bPk.webp", "medium": "https://rema-product-images.digital.rema1000.dk/198245/1-medium-ElPB6A8bPk.webp", "large": "https://rema-product-images.digital.rema1000.dk/198245/1-large-ElPB6A8bPk.webp"}], "prices": [{"price": 12.5, "price_over_max_quantity": null, "max_quantity": null, "is_advertised": false, "is_campaign": false, "starting_at": "2021-11-11T00:00:00+00:00", "ending_at": "2099-12-31T00:00:00+00:00", "deposit": null, "compare_unit": "kg", "compare_unit_price": 5, "consumption_unit": null, "consumption_quantity": null}], "temperature_zone": null, "is_self_scale_item": false, "is_weight_item": false, "is_available_in_all_stores": true, "is_batch_item": false}
{"id": 198436, "name": "FODER TIL GNAVERE", "underline": "2.5 KG. / NATURA", "age_limit": null, "hazard_precaution_statements": [], "labels": [], "description": null, "info": "", "images": [{"small": "https://rema-product-images.digital.rema1000.dk/198436/1-small-7doLw8xdP6.webp", "medium": "https://rema-product-images.digital.rema1000.dk/198436/1-medium-7doLw8xdP6.webp", "large": "https://rema-product-images.digital.rema1000.dk/198436/1-large-7doLw8xdP6.webp"}], "prices": [{"price": 29.95, "price_over_max_quantity": null, "max_quantity": null, "is_advertised": false, "is_campaign": false, "starting_at": "2024-04-04T00:00:00+00:00", "ending_at": "2099-12-31T00:00:00+00:00", "deposit": null, "compare_unit": "kg", "compare_unit_price": 11.98, "consumption_unit": null, "consumption_quantity": null}], "temperature_zone": null, "is_self_scale_item": false, "is_weight_item": false, "is_available_in_all_stores": true, "is_batch_item": false}
{"id": 198500, "name": "HUNDEFULDFODER", "underline": "5 KG. / EXCELLENT PET, M/LAM", "age_limit": null, "hazard_precaution_statements": [], "labels": [], "description": "Excellentpet kornfri hunde fuldkost med lam til lille hund, små hunderacer<br />", "info": "", "images": [{"small": "https://rema-product-images.digital.rema1000.dk/198500/1-small-xePwBr4v9w.webp", "medium": "https://rema-product-images.digital.rema1000.dk/198500/1-medium-xePwBr4v9w.webp", "large": "https://rema-product-images.digital.rema1000.dk/198500/1-large-xePwBr4v9w.webp"}], "prices": [{"price": 124.95, "price_over_max_quantity": null, "max_quantity": null, "is_advertised": false, "is_campaign": false, "starting_at": "2024-02-29T00:00:00+00:00", "ending_at": "2099-12-31T00:00:00+00:00", "deposit": null, "compare_unit": "kg", "compare_unit_price": 24.99, "consumption_unit": null, "consumption_quantity": null}], "temperature_zone": null, "is_self_scale_item": false, "is_weight_item": false, "is_available_in_all_stores": true, "is_batch_item": false}
{"id": 198506, "name": "HVALPEFULDFODER", "underline": "4 KG. / EXCELLENT PET, M/KYLLING", "age_limit": null, "hazard_precaution_statements": [], "labels": [], "description": null, "info": "", "images": [{"small": "https://rema-product-images.digital.rema1000.dk/198506/1-small-vVorQBm7P3.webp", "medium": "https://rema-product-images.digital.rema1000.dk/198506/1-medium-vVorQBm7P3.webp", "large": "https://rema-product-images.digital.rema1000.dk/198506/1-large-vVorQBm7P3.webp"}], "prices": [{"price": 117.95, "price_over_max_quantity": null, "max_quantity": null, "is_advertised": false, "is_campaign": false, "starting_at": "2024-02-29T00:00:00+00:00", "ending_at": "2099-12-31T00:00:00+00:00", "deposit": null, "compare_unit": "kg", "compare_unit_price": 29.49, "consumption_unit": null, "consumption_quantity": null}], "temperature_zone": null, "is_self_scale_item": false, "is_weight_item": false, "is_available_in_all_stores": true, "is_batch_item": false}
{"id": 198612, "name": "ENGHØ", "underline": "0.75 KG. / NATURA", "age_limit": null, "hazard_precaution_statements": [], "labels": [], "description": null, "info": "", "images": [{"small": "https://rema-product-images.digital.rema1000.dk/198612/1-small-18oXwMWLPk.webp", "medium": "https://rema-product-images.digital.rema1000.dk/198612/1-medium-18oXwMWLPk.webp", "large": "https://rema-product-images.digital.rema1000.dk/198612/1-large-18oXwMWLPk.webp"}], "prices": [{"price": 14.95, "price_over_max_quantity": null, "max_quantity": null, "is_advertised": false, "is_campaign": false, "starting_at": "2013-04-16T00:00:00+00:00", "ending_at": "2099-12-31T00:00:00+00:00", "deposit": null, "compare_unit": "kg", "compare_unit_price": 19.93, "consumption_unit": null, "consumption_quantity": null}], "temperature_zone": null, "is_self_scale_item": false, "is_weight_item": false, "is_available_in_all_stores": true, "is_batch_item": false}
{"id": 198622, "name": "SPÅNER", "underline": "1 KG. / NATURA", "age_limit": null, "hazard_precaution_statements": [], "labels": [], "description": null, "info": "", "images": [{"small": "https://rema-product-images.digital.rema1000.dk/198622/1-small-pyozpKz39X.webp", "medium": "https://rema-product-images.digital.rema1000.dk/198622/1-medium-pyozpKz39X.webp", "large": "https://rema-product-images.digital.rema1000.dk/198622/1-large-pyozpKz39X.webp"}], "prices": [{"price": 9.95, "price_over_max_quantity": null, "max_quantity": null, "is_advertised": false, "is_campaign": false, "starting_at": "2013-04-16T00:00:00+00:00", "ending_at": "2099-12-31T00:00:00+00:00", "deposit": null, "compare_unit": "kg", "compare_unit_price": 9.95, "consumption_unit": null, "consumption_quantity": null}], "temperature_zone": null, "is_self_scale_item": false, "is_weight_item": false, "is_available_in_all_stores": true, "is_batch_item": false}
{"id": 200051, "name": "BENEDIKTINER", "underline": "50 CL. / WEISSBIER, ALKOHOLFRI", "age_limit": null, "hazard_precaution_statements": [], "labels": [], "description": "Forfriskende og velsmagende hvedeøl. Fyldig, let sødlig med god balance. God til fisk, kylling, asiatisk, traditionel tysk mad", "info": "", "images": [{"small": "https://rema-product-images.digital.rema1000.dk/200051/1-small-v09gQEdeoA.webp", "medium": "https://rema-product-images.digital.rema1000.dk/200051/1-medium-v09gQEdeoA.webp", "large": "https://rema-product-images.digital.rema1000.dk/200051/1-large-v09gQEdeoA.webp"}], "prices": [{"price": 13.5, "price_over_max_quantity": null, "max_quantity": null, "is_advertised": false, "is_campaign": false, "starting_at": "2025-01-02T00:00:00+00:00", "ending_at": "2099-12-31T00:00:00+00:00", "deposit": 1, "compare_unit": "ltr", "compare_unit_price": 27, "consumption_unit": null, "consumption_quantity": null}], "temperature_zone": null, "is_self_scale_item": false, "is_weight_item": false, "is_available_in_all_stores": true, "is_batch_item": false}
{"id": 200091, "name": "CARLSBERG 4,6%", "underline": "2 LTR. / 4 PAK", "age_limit": 16, "hazard_precaution_statements": [], "labels": [], "description": null, "info": "", "images": [{"small": "https://rema-product-images.digital.rema1000.dk/200091/1-small-3MoMB44yq5.webp", "medium": "https://rema-product-images.digital.rema1000.dk/200091/1-medium-3MoMB44yq5.webp", "large": "https://rema-product-images.digital.rema1000.dk/200091/1-large-3MoMB44yq5.webp"}], "prices": [{"price": 59, "price_over_max_quantity": null, "max_quantity": null, "is_advertised": false, "is_campaign": false, "starting_at": "2025-01-02T00:00:00+00:00", "ending_at": "2099-12-31T00:00:00+00:00", "deposit": 4, "compare_unit": "ltr", "compare_unit_price": 29.5, "consumption_unit": null, "consumption_quantity": null}], "temperature_zone": null, "is_self_scale_item": false, "is_weight_item": false, "is_available_in_all_stores": true, "is_batch_item": false}
{"id": 200098, "name": "GRØN TUBORG 4,6%", "underline": "2 LTR. / 4 PAK", "age_limit": 16, "hazard_precaution_statements": [], "labels": [], "description": null, "info": "", "images": [{"small": "https://rema-product-images.digital.rema1000.dk/200098/1-small-Al903bbRq8.webp", "medium": "https://rema-product-images.digital.rema1000.dk/200098/1-medium-Al903bbRq8.webp", "large": "https://rema-product-images.digital.rema1000.dk/200098/1-large-Al903bbRq8.webp"}], "prices": [{"price": 59, "price_over_max_quantity": null, "max_quantity": null, "is_advertised": false, "is_campaign": false, "starting_at": "2025-01-02T00:00:00+00:00", "ending_at": "2099-12-31T00:00:00+00:00", "deposit": 4, "compare_unit": "ltr", "compare_unit_price": 29.5, "consumption_unit": null, "consumption_quantity": null}], "temperature_zone": null, "is_self_scale_item": false, "is_weight_item": false, "is_available_in_all_stores": true, "is_batch_item": false}
{"id": 200110, "name": "WEISSBIER 5,4%", "underline": "50 CL. / BENEDIKTINER", "age_limit": 16, "hazard_precaution_statements": [], "labels": [], "description": "Forfriskende og velsmagende hvedeøl. Fyldig, let sødlig med god balance. God til fisk, kylling, asiatisk, traditionel tysk mad", "info": "", "images": [{"small": "https://rema-product-images.digital.rema1000.dk/200110/1-small-Al903bbkq8.webp", "medium": "https://rema-product-images.digital.rema1000.dk/200110/1-medium-Al903bbkq8.webp", "large": "https://rema-product-images.digital.rema1000.dk/200110/1-large-Al903bbkq8.webp"}], "prices": [{"price": 15.5, "price_over_max_quantity": null, "max_quantity": null, "is_advertised": false, "is_campaign": false, "starting_at": "2025-01-02T00:00:00+00:00", "ending_at": "2099-12-31T00:00:00+00:00", "deposit": 1, "compare_unit": "ltr", "compare_unit_price": 31, "consumption_unit": null, "consumption_quantity": null}], "temperature_zone": null, "is_self_scale_item": false, "is_weight_item": false, "is_available_in_all_stores": true, "is_batch_item": false}
{"id": 200112, "name": "TUBORG 4,6%", "underline": "33 CL. / CLASSIC, FLASKE", "age_limit": 16, "hazard_precaution_statements": [], "labels": [], "description": null, "info": "", "images": [{"small": "https://rema-product-images.digital.rema1000.dk/200112/1-small-18oXwQYyPk.webp", "medium": "https://rema-product-images.digital.rema1000.dk/200112/1-medium-18oXwQYyPk.webp", "large": "https://rema-product-images.digital.rema1000.dk/200112/1-large-18oXwQYyPk.webp"}], "prices": [{"price": 5, "price_over_max_quantity": null, "max_quantity": null, "is_advertised": false, "is_campaign": false, "starting_at": "2025-07-03T00:00:00+00:00", "ending_at": "2099-12-31T00:00:00+00:00", "deposit": 1, "compare_unit": "ltr", "compare_unit_price": 15.15, "consumption_unit": null, "consumption_quantity": null}], "temperature_zone": null, "is_self_scale_item": false, "is_weight_item": false, "is_available_in_all_stores": false, "is_batch_item": false}
{"id": 200119, "name": "TUBORG CLASSIC 4,6%", "underline": "50 CL.", "age_limit": 16, "hazard_precaution_statements": [], "labels": [], "description": null, "info": "", "images": [{"small": "https://rema-product-images.digital.rema1000.dk/200119/1-small-rDq6K5bj9b.webp", "medium": "https://rema-product-images.digital.rema1000.dk/200119/1-medium-rDq6K5bj9b.webp", "large": "https://rema-product-images.digital.rema1000.dk/200119/1-large-rDq6K5bj9b.webp"}], "prices": [{"price": 15.25, "price_over_max_quantity": null, "max_quantity": null, "is_advertised": false, "is_campaign": false, "starting_at": "2025-01-02T00:00:00+00:00", "ending_at": "2099-12-31T00:00:00+00:00", "deposit": 1, "compare_unit": "ltr", "compare_unit_price": 30.5, "consumption_unit": null, "consumption_quantity": null}], "temperature_zone": null, "is_self_scale_item": false, "is_weight_item": false, "is_available_in_all_stores": true, "is_batch_item": false}
{"id": 200145, "name": "YAKIMA IPA 6,5%", "underline": "33 CL. / JACOBSEN", "age_limit": 18, "hazard_precaution_statements": [], "labels": [], "description": "Øllet har en frisk fylde med et godt  snerpende bid af humle og en god  lang efterbitterhed.", "info": "", "images": [{"small": "https://rema-product-images.digital.rema1000.dk/200145/1-small-ElPB63KJPk.webp", "medium": "https://rema-product-images.digital.rema1000.dk/200145/1-medium-ElPB63KJPk.webp", "large": "https://rema-product-images.digital.rema1000.dk/200145/1-large-ElPB63KJPk.webp"}], "prices": [{"price": 12, "price_over_max_quantity": null, "max_quantity": null, "is_advertised": false, "is_campaign": false, "starting_at": "2023-01-08T00:00:00+00:00", "ending_at": "2025-09-03T00:00:00+00:00", "deposit": 1, "compare_unit": "ltr", "compare_unit_price": 36.36, "consumption_unit": null, "consumption_quantity": null}], "temperature_zone": null, "is_self_scale_item": false, "is_weight_item": false, "is_available_in_all_stores": true, "is_batch_item": false}
{"id": 20020, "name": "MINIMÆLK 0,4%", "underline": "1 LTR. / GRAM SLOT, ØKOLOGISK", "age_limit": null, "hazard_precaution_statements": [], "labels": [{"id": 5, "name": "Økologi", "image": "https://static-assets.digital.rema1000.dk/product/labels/5-64.webp"}, {"id": 6, "name": "Økologi", "image": "https://static-assets.digital.rema1000.dk/product/labels/6-64.webp"}, {"id": 39, "name": "Gram slot", "image": "https://static-assets.digital.rema1000.dk/product/labels/39-64.webp"}, {"id": 40, "name": "Nøglehul", "image": "https://static-assets.digital.rema1000.dk/product/labels/40-64.webp"}, {"id": 190, "name": "Anbefalet af Dyrenes Beskyttelse", "image": "https://static-assets.digital.rema1000.dk/product/labels/190-64.webp"}, {"id": 203, "name": "Bedre dyrevelfærd 3", "image": "https://static-assets.digital.rema1000.dk/product/labels/203-64.webp"}], "description": "<br /> REMA 1000 er medejer af et af Danmarks største økologiske landbrug, Gram Slot, som dagligt leverer bl.a. økologisk mælk, kartofler, mel og havregryn til REMA 1000s butikker.<br /> <br /> På Gram Slot er dyrevelfærd i højsædet, ligesom Jorden ved Gram Slot dyrkes med stor respekt og omtanke. Køerne ved Gram Slot er på græs hele sommeren. I kløvergræsset på markerne er der sået urter, som indeholder æteriske olier og er rige på mineraler. Vi driver markerne på denne måde, fordi urterne giver køerne et varieret, velsmagende foder.<br /> <br /> Om emballagen:<br /> Let at åbne. Let at hælde af. Minimal affaldsmængde. Med denne letvægtsemballage spares der ressourcer, da den kræver færre råmaterialer - lige fra produktion til transport af affald. <br /> <br />", "info": "", "images": [{"small": "https://rema-product-images.digital.rema1000.dk/20020/1-small-AKqeGzjPp1.webp", "medium": "https://rema-product-images.digital.rema1000.dk/20020/1-medium-AKqeGzjPp1.webp", "large": "https://rema-product-images.digital.rema1000.dk/20020/1-large-AKqeGzjPp1.webp"}], "prices": [{"price": 14.75, "price_over_max_quantity": null, "max_quantity": null, "is_advertised": false, "is_campaign": false, "starting_at": "2025-01-30T00:00:00+00:00", "ending_at": "2099-12-31T00:00:00+00:00", "deposit": null, "compare_unit": "ltr", "compare_unit_price": 14.75, "consumption_unit": null, "consumption_quantity": null}], "temperature_zone": "refrigerated_5_degrees_celsius", "is_self_scale_item": false, "is_weight_item": false, "is_available_in_all_stores": true, "is_batch_item": false}
{"id": 200212, "name": "BROWN ALE 5%", "underline": "50 CL. / THISTED", "age_limit": 16, "hazard_precaution_statements": [], "labels": [{"id": 9001, "name": "Avisvare", "image": "https://static-assets.digital.rema1000.dk/product/labels/9001-64.webp"}], "description": "Brygget med en engelsk overgær. Den har god mundfylde og en mild aromatisk smag. God til burger, stegemad og fyldige oste", "info": "", "images": [{"small": "https://rema-product-images.digital.rema1000.dk/200212/1-small-18oXwQedPk.webp", "medium": "https://rema-product-images.digital.rema1000.dk/200212/1-medium-18oXwQedPk.webp", "large": "https://rema-product-images.digital.rema1000.dk/200212/1-large-18oXwQedPk.webp"}], "prices": [{"price": 15, "price_over_max_quantity": null, "max_quantity": null, "is_advertised": true, "is_campaign": true, "starting_at": "2025-08-17T00:00:00+00:00", "ending_at": "2025-08-23T00:00:00+00:00", "deposit": 1, "compare_unit": "ltr", "compare_unit_price": 30, "consumption_unit": null, "consumption_quantity": null}, {"price": 16.75, "price_over_max_quantity": null, "max_quantity": null, "is_advertised": false, "is_campaign": false, "starting_at": "2025-08-24T00:00:00+00:00", "ending_at": "2099-12-31T00:00:00+00:00", "deposit": 1, "compare_unit": "ltr", "compare_unit_price": 33.5, "consumption_unit": null, "consumption_quantity": null}], "temperature_zone": null, "is_self_scale_item": false, "is_weight_item": false, "is_available_in_all_stores": true, "is_batch_item": false}
{"id": 200214, "name": "LIMFJORDSPORTER 7,9%", "underline": "50 CL. / THISTED", "age_limit": 18, "hazard_precaution_statements": [], "labels": [], "description": "Næsten sort undergæret porter med en cremet lysebrun skumtop. Smagen er dominieret af lakrids, røg og ristet byg", "info": "", "images": [{"small": "https://rema-product-images.digital.rema1000.dk/200214/1-small-3MovwJZ8qA.webp", "medium": "https://rema-product-images.digital.rema1000.dk/200214/1-medium-3MovwJZ8qA.webp", "large": "https://rema-product-images.digital.rema1000.dk/200214/1-large-3MovwJZ8qA.webp"}], "prices": [{"price": 24.5, "price_over_max_quantity": null, "max_quantity": null, "is_advertised": false, "is_campaign": false, "starting_at": "2025-01-02T00:00:00+00:00", "ending_at": "2025-09-06T00:00:00+00:00", "deposit": 1, "compare_unit": "ltr", "compare_unit_price": 49, "consumption_unit": null, "consumption_quantity": null}], "temperature_zone": null, "is_self_scale_item": false, "is_weight_item": false, "is_available_in_all_stores": true, "is_batch_item": false}
{"id": 200216, "name": "PORSE GULD 5,8%", "underline": "50 CL.", "age_limit": 16, "hazard_precaution_statements": [], "labels": [{"id": 9001, "name": "Avisvare", "image": "https://static-assets.digital.rema1000.dk/product/labels/9001-64.webp"}], "description": null, "info": "", "images": [{"small": "https://rema-product-images.digital.rema1000.dk/200216/1-small-6xqAx4w7oD.webp", "medium": "https://rema-product-images.digital.rema1000.dk/200216/1-medium-6xqAx4w7oD.webp", "large": "https://rema-product-images.digital.rema1000.dk/200216/1-large-6xqAx4w7oD.webp"}], "prices": [{"price": 15, "price_over_max_quantity": null, "max_quantity": null, "is_advertised": true, "is_campaign": false, "starting_at": "2025-08-17T00:00:00+00:00", "ending_at": "2025-11-15T00:00:00+00:00", "deposit": 1, "compare_unit": "ltr", "compare_unit_price": 30, "consumption_unit": null, "consumption_quantity": null}], "temperature_zone": null, "is_self_scale_item": false, "is_weight_item": false, "is_available_in_all_stores": true, "is_batch_item": true}
{"id": 20025, "name": "LETMÆLK 1,5%", "underline": "1 LTR. / GRAM SLOT, ØKOLOGISK", "age_limit": null, "hazard_precaution_statements": [], "labels": [{"id": 5, "name": "Økologi", "image": "https://static-assets.digital.rema1000.dk/product/labels/5-64.webp"}, {"id": 6, "name": "Økologi", "image": "https://static-assets.digital.rema1000.dk/product/labels/6-64.webp"}, {"id": 39, "name": "Gram slot", "image": "https://static-assets.digital.rema1000.dk/product/labels/39-64.webp"}, {"id": 190, "name": "Anbefalet af Dyrenes Beskyttelse", "image": "https://static-assets.digital.rema1000.dk/product/labels/190-64.webp"}, {"id": 203, "name": "Bedre dyrevelfærd 3", "image": "https://static-assets.digital.rema1000.dk/product/labels/203-64.webp"}], "description": "<br /> REMA 1000 er medejer af et af Danmarks største økologiske landbrug, Gram Slot, som dagligt leverer bl.a. økologisk mælk, kartofler, mel og havregryn til REMA 1000s butikker.<br /> <br /> På Gram Slot er dyrevelfærd i højsædet, ligesom Jorden ved Gram Slot dyrkes med stor respekt og omtanke. Køerne ved Gram Slot er på græs hele sommeren. I kløvergræsset på markerne er der sået urter, som indeholder æteriske olier og er rige på mineraler. Vi driver markerne på denne måde, fordi urterne giver køerne et varieret, velsmagende foder.<br /> <br /> Om emballagen:<br /> Let at åbne. Let at hælde af. Minimal affaldsmængde. Med denne letvægtsemballage spares der ressourcer, da den kræver færre råmaterialer - lige fra produktion til transport af affald. <br /> <br />", "info": "", "images": [{"small": "https://rema-product-images.digital.rema1000.dk/20025/1-small-Ea91Ev59zY.webp", "medium": "https://rema-product-images.digital.rema1000.dk/20025/1-medium-Ea91Ev59zY.webp", "large": "https://rema-product-images.digital.rema1000.dk/20025/1-large-Ea91Ev59zY.webp"}], "prices": [{"price": 15.5, "price_over_max_quantity": null, "max_quantity": null, "is_advertised": false, "is_campaign": false, "starting_at": "2025-01-30T00:00:00+00:00", "ending_at": "2025-09-13T00:00:00+00:00", "deposit": null, "compare_unit": "ltr", "compare_unit_price": 15.5, "consumption_unit": null, "consumption_quantity": null}], "temperature_zone": "refrigerated_5_degrees_celsius", "is_self_scale_item": false, "is_weight_item": false, "is_available_in_all_stores": false, "is_batch_item": false}
{"id": 20026, "name": "SKUMMETMÆLK 0,1%", "underline": "1 LTR. / GRAM SLOT, ØKOLOGISK", "age_limit": null, "hazard_precaution_statements": [], "labels": [{"id": 5, "name": "Økologi", "image": "https://static-assets.digital.rema1000.dk/product/labels/5-64.webp"}, {"id": 6, "name": "Økologi", "image": "https://static-assets.digital.rema1000.dk/product/labels/6-64.webp"}, {"id": 39, "name": "Gram slot", "image": "https://static-assets.digital.rema1000.dk/product/labels/39-64.webp"}, {"id": 40, "name": "Nøglehul", "image": "https://static-assets.digital.rema1000.dk/product/labels/40-64.webp"}, {"id": 190, "name": "Anbefalet af Dyrenes Beskyttelse", "image": "https://static-assets.digital.rema1000.dk/product/labels/190-64.webp"}, {"id": 203, "name": "Bedre dyrevelfærd 3", "image": "https://static-assets.digital.rema1000.dk/product/labels/203-64.webp"}], "description": "<br /> REMA 1000 er medejer af et af Danmarks største økologiske landbrug, Gram Slot, som dagligt leverer bl.a. økologisk mælk, kartofler, mel og havregryn til REMA 1000s butikker.<br /> <br /> På Gram Slot er dyrevelfærd i højsædet, ligesom Jorden ved Gram Slot dyrkes med stor respekt og omtanke. Køerne ved Gram Slot er på græs hele sommeren. I kløvergræsset på markerne er der sået urter, som indeholder æteriske olier og er rige på mineraler. Vi driver markerne på denne måde, fordi urterne giver køerne et varieret, velsmagende foder.<br /> <br /> Om emballagen:<br /> Let at åbne. Let at hælde af. Minimal affaldsmængde. Med denne letvægtsemballage spares der ressourcer, da den kræver færre råmaterialer - lige fra produktion til transport af affald. <br /> <br />", "info": "", "images": [{"small": "https://rema-product-images.digital.rema1000.dk/20026/1-small-kOq3vBno63.webp", "medium": "https://rema-product-images.digital.rema1000.dk/20026/1-medium-kOq3vBno63.webp", "large": "https://rema-product-images.digital.rema1000.dk/20026/1-large-kOq3vBno63.webp"}], "prices": [{"price": 14.75, "price_over_max_quantity": null, "max_quantity": null, "is_advertised": false, "is_campaign": false, "starting_at": "2025-01-30T00:00:00+00:00", "ending_at": "2099-12-31T00:00:00+00:00", "deposit": null, "compare_unit": "ltr", "compare_unit_price": 14.75, "consumption_unit": null, "consumption_quantity": null}], "temperature_zone": "refrigerated_5_degrees_celsius", "is_self_scale_item": false, "is_weight_item": false, "is_available_in_all_stores": false, "is_batch_item": false}
{"id": 200268, "name": "GRAM SLOT CLASSIC 4,8%", "underline": "50 CL.", "age_limit": 16, "hazard_precaution_statements": [], "labels": [{"id": 9001, "name": "Avisvare", "image": "https://static-assets.digital.rema1000.dk/product/labels/9001-64.webp"}, {"id": 5, "name": "Økologi", "image": "https://static-assets.digital.rema1000.dk/product/labels/5-64.webp"}, {"id": 6, "name": "Økologi", "image": "https://static-assets.digital.rema1000.dk/product/labels/6-64.webp"}, {"id": 39, "name": "Gram slot", "image": "https://static-assets.digital.rema1000.dk/product/labels/39-64.webp"}], "description": "<br /> REMA 1000 er medejer af et af Danmarks største økologiske landbrug, Gram Slot, som dagligt leverer bl.a. økologisk mælk, kartofler, mel og havregryn til REMA 1000s butikker. På Gram Slot er dyrevelfærd i højsædet, ligesom Jorden ved Gram Slot dyrkes med stor respekt og omtanke.<br /> <br /> Denne øl fra Gram Slot er brygget på økologisk bygmalt fra Gram Slot. Dette er en økologisk classic, som er en gylden øl med fin balance mellem maltsødme og bitterhed i smagen.<br /> <br />", "info": "", "images": [{"small": "https://rema-product-images.digital.rema1000.dk/200268/1-small-vXodRGDB93.webp", "medium": "https://rema-product-images.digital.rema1000.dk/200268/1-medium-vXodRGDB93.webp", "large": "https://rema-product-images.digital.rema1000.dk/200268/1-large-vXodRGDB93.webp"}], "prices": [{"price": 10, "price_over_max_quantity": null, "max_quantity": null, "is_advertised": true, "is_campaign": true, "starting_at": "2025-08-17T00:00:00+00:00", "ending_at": "2025-08-23T00:00:00+00:00", "deposit": 1, "compare_unit": "ltr", "compare_unit_price": 20, "consumption_unit": null, "consumption_quantity": null}, {"price": 13.5, "price_over_max_quantity": null, "max_quantity": null, "is_advertised": false, "is_campaign": false, "starting_at": "2025-08-24T00:00:00+00:00", "ending_at": "2025-09-06T00:00:00+00:00", "deposit": 1, "compare_unit": "ltr", "compare_unit_price": 27, "consumption_unit": null, "consumption_quantity": null}], "temperature_zone": null, "is_self_scale_item": false, "is_weight_item": false, "is_available_in_all_stores": true, "is_batch_item": false}
{"id": 200269, "name": "GRAM SLOT PILSNER 4,8%", "underline": "50 CL.", "age_limit": 16, "hazard_precaution_statements": [], "labels": [{"id": 9001, "name": "Avisvare", "image": "https://static-assets.digital.rema1000.dk/product/labels/9001-64.webp"}, {"id": 5, "name": "Økologi", "image": "https://static-assets.digital.rema1000.dk/product/labels/5-64.webp"}, {"id": 6, "name": "Økologi", "image": "https://static-assets.digital.rema1000.dk/product/labels/6-64.webp"}, {"id": 39, "name": "Gram slot", "image": "https://static-assets.digital.rema1000.dk/product/labels/39-64.webp"}], "description": "<br /> REMA 1000 er medejer af et af Danmarks største økologiske landbrug, Gram Slot, som dagligt leverer bl.a. økologisk mælk, kartofler, mel og havregryn til REMA 1000s butikker. På Gram Slot er dyrevelfærd i højsædet, ligesom Jorden ved Gram Slot dyrkes med stor respekt og omtanke.<br /> <br /> Denne øl fra Gram Slot er brygget på økologisk bygmalt fra Gram Slot. Dette er en økologisk pilsner, som er lys i farven og har en frisk, behagelig smag med afbalanceret bitterhed.<br /> <br />", "info": "", "images": [{"small": "https://rema-product-images.digital.rema1000.dk/200269/1-small-Ea91kvbYoz.webp", "medium": "https://rema-product-images.digital.rema1000.dk/200269/1-medium-Ea91kvbYoz.webp", "large": "https://rema-product-images.digital.rema1000.dk/200269/1-large-Ea91kvbYoz.webp"}], "prices": [{"price": 10, "price_over_max_quantity": null, "max_quantity": null, "is_advertised": true, "is_campaign": true, "starting_at": "2025-08-17T00:00:00+00:00", "ending_at": "2025-08-23T00:00:00+00:00", "deposit": 1, "compare_unit": "ltr", "compare_unit_price": 20, "consumption_unit": null, "consumption_quantity": null}, {"price": 13.5, "price_over_max_quantity": null, "max_quantity": null, "is_advertised": false, "is_campaign": false, "starting_at": "2025-08-24T00:00:00+00:00", "ending_at": "2025-09-06T00:00:00+00:00", "deposit": 1, "compare_unit": "ltr", "compare_unit_price": 27, "consumption_unit": null, "consumption_quantity": null}], "temperature_zone": null, "is_self_scale_item": false, "is_weight_item": false, "is_available_in_all_stores": true, "is_batch_item": false}
{"id": 200312, "name": "ELLEBRYG 0,5%", "underline": "50 CL. / ALKOHOLFRI", "age_limit": null, "hazard_precaution_statements": [], "labels": [], "description": "Øllet er kendetegnet ved maltet sødme, frisk bitterhed og flot vedholdende skum", "info": "", "images": [{"small": "https://rema-product-images.digital.rema1000.dk/200312/1-small-18oXwQOEPk.webp", "medium": "https://rema-product-images.digital.rema1000.dk/200312/1-medium-18oXwQOEPk.webp", "large": "https://rema-product-images.digital.rema1000.dk/200312/1-large-18oXwQOEPk.webp"}], "prices": [{"price": 18.4, "price_over_max_quantity": null, "max_quantity": null, "is_advertised": false, "is_campaign": false, "starting_at": "2025-01-02T00:00:00+00:00", "ending_at": "2099-12-31T00:00:00+00:00", "deposit": 1, "compare_unit": "ltr", "compare_unit_price": 36.8, "consumption_unit": null, "consumption_quantity": null}], "temperature_zone": null, "is_self_scale_item": false, "is_weight_item": false, "is_available_in_all_stores": true, "is_batch_item": false}
{"id": 200326, "name": "CARLSBERG PILSNER 4,6%", "underline": "50 CL.", "age_limit": 16, "hazard_precaution_statements": [], "labels": [], "description": null, "info": "", "images": [{"small": "https://rema-product-images.digital.rema1000.dk/200326/1-small-kOq33B78q6.webp", "medium": "https://rema-product-images.digital.rema1000.dk/200326/1-medium-kOq33B78q6.webp", "large": "https://rema-product-images.digital.rema1000.dk/200326/1-large-kOq33B78q6.webp"}], "prices": [{"price": 14.75, "price_over_max_quantity": null, "max_quantity": null, "is_advertised": false, "is_campaign": false, "starting_at": "2025-01-02T00:00:00+00:00", "ending_at": "2099-12-31T00:00:00+00:00", "deposit": 1, "compare_unit": "ltr", "compare_unit_price": 29.5, "consumption_unit": null, "consumption_quantity": null}], "temperature_zone": null, "is_self_scale_item": false, "is_weight_item": false, "is_available_in_all_stores": true, "is_batch_item": false}
{"id": 200328, "name": "1664 5%", "underline": "33 CL. / BLANC", "age_limit": 16, "hazard_precaution_statements": [], "labels": [], "description": "Øllen fremstår naturlig uklar, hvidgylden og skænker en tæt fyldig skumkrone", "info": "", "images": [{"small": "https://rema-product-images.digital.rema1000.dk/200328/1-small-xyqa4LO8oD.webp", "medium": "https://rema-product-images.digital.rema1000.dk/200328/1-medium-xyqa4LO8oD.webp", "large": "https://rema-product-images.digital.rema1000.dk/200328/1-large-xyqa4LO8oD.webp"}], "prices": [{"price": 14, "price_over_max_quantity": null, "max_quantity": null, "is_advertised": false, "is_campaign": false, "starting_at": "2025-04-13T00:00:00+00:00", "ending_at": "2025-09-03T00:00:00+00:00", "deposit": 1, "compare_unit": "ltr", "compare_unit_price": 42.42, "consumption_unit": null, "consumption_quantity": null}], "temperature_zone": null, "is_self_scale_item": false, "is_weight_item": false, "is_available_in_all_stores": true, "is_batch_item": false}
{"id": 200340, "name": "MOSAIC IPA 5,2%", "underline": "50 CL. / ALBANI", "age_limit": 16, "hazard_precaution_statements": [], "labels": [], "description": null, "info": "", "images": [{"small": "https://rema-product-images.digital.rema1000.dk/200340/1-small-rQqQpLQKoe.webp", "medium": "https://rema-product-images.digital.rema1000.dk/200340/1-medium-rQqQpLQKoe.webp", "large": "https://rema-product-images.digital.rema1000.dk/200340/1-large-rQqQpLQKoe.webp"}], "prices": [{"price": 17.95, "price_over_max_quantity": null, "max_quantity": null, "is_advertised": false, "is_campaign": false, "starting_at": "2020-01-09T00:00:00+00:00", "ending_at": "2025-08-20T00:00:00+00:00", "deposit": 1, "compare_unit": "ltr", "compare_unit_price": 35.9, "consumption_unit": null, "consumption_quantity": null}], "temperature_zone": null, "is_self_scale_item": false, "is_weight_item": false, "is_available_in_all_stores": true, "is_batch_item": false}
{"id": 200355, "name": "PILSNER 4,4%", "underline": "33 CL. / HARBOE, FLASKE", "age_limit": 16, "hazard_precaution_statements": [], "labels": [], "description": null, "info": "", "images": [{"small": "https://rema-product-images.digital.rema1000.dk/200355/1-small-A5qV6Lx1qa.webp", "medium": "https://rema-product-images.digital.rema1000.dk/200355/1-medium-A5qV6Lx1qa.webp", "large": "https://rema-product-images.digital.rema1000.dk/200355/1-large-A5qV6Lx1qa.webp"}], "prices": [{"price": 3.5, "price_over_max_quantity": null, "max_quantity": null, "is_advertised": false, "is_campaign": false, "starting_at": "2025-01-02T00:00:00+00:00", "ending_at": "2099-12-31T00:00:00+00:00", "deposit": 1, "compare_unit": "ltr", "compare_unit_price": 10.61, "consumption_unit": null, "consumption_quantity": null}], "temperature_zone": null, "is_self_scale_item": false, "is_weight_item": false, "is_available_in_all_stores": true, "is_batch_item": false}
{"id": 200368, "name": "EXTRA STRONG 7,7%", "underline": "50 CL. / HARBOE", "age_limit": 18, "hazard_precaution_statements": [], "labels": [], "description": null, "info": "", "images": [{"small": "https://rema-product-images.digital.rema1000.dk/200368/1-small-vXodRGre93.webp", "medium": "https://rema-product-images.digital.rema1000.dk/200368/1-medium-vXodRGre93.webp", "large": "https://rema-product-images.digital.rema1000.dk/200368/1-large-vXodRGre93.webp"}], "prices": [{"price": 9, "price_over_max_quantity": null, "max_quantity": null, "is_advertised": false, "is_campaign": false, "starting_at": "2025-04-17T00:00:00+00:00", "ending_at": "2099-12-31T00:00:00+00:00", "deposit": 1, "compare_unit": "ltr", "compare_unit_price": 18, "consumption_unit": null, "consumption_quantity": null}], "temperature_zone": null, "is_self_scale_item": false, "is_weight_item": false, "is_available_in_all_stores": true, "is_batch_item": false}
{"id": 200393, "name": "HEINEKEN 4,6%", "underline": "1.98 LTR. / 6 PAK", "age_limit": 16, "hazard_precaution_statements": [], "labels": [], "description": null, "info": "", "images": [{"small": "https://rema-product-images.digital.rema1000.dk/200393/1-small-xQq8YrA29Z.webp", "medium": "https://rema-product-images.digital.rema1000.dk/200393/1-medium-xQq8YrA29Z.webp", "large": "https://rema-product-images.digital.rema1000.dk/200393/1-large-xQq8YrA29Z.webp"}], "prices": [{"price": 37.8, "price_over_max_quantity": null, "max_quantity": null, "is_advertised": false, "is_campaign": false, "starting_at": "2025-01-02T00:00:00+00:00", "ending_at": "2099-12-31T00:00:00+00:00", "deposit": 6, "compare_unit": "ltr", "compare_unit_price": 19.09, "consumption_unit": null, "consumption_quantity": null}], "temperature_zone": null, "is_self_scale_item": false, "is_weight_item": false, "is_available_in_all_stores": true, "is_batch_item": false}
{"id": 200400, "name": "ROYAL EXPORT 5,4%", "underline": "33 CL.", "age_limit": 16, "hazard_precaution_statements": [], "labels": [], "description": null, "info": "", "images": [{"small": "https://rema-product-images.digital.rema1000.dk/200400/1-small-xePwBQbe9w.webp", "medium": "https://rema-product-images.digital.rema1000.dk/200400/1-medium-xePwBQbe9w.webp", "large": "https://rema-product-images.digital.rema1000.dk/200400/1-large-xePwBQbe9w.webp"}], "prices": [{"price": 6.25, "price_over_max_quantity": null, "max_quantity": null, "is_advertised": false, "is_campaign": false, "starting_at": "2025-05-15T00:00:00+00:00", "ending_at": "2099-12-31T00:00:00+00:00", "deposit": 1, "compare_unit": "ltr", "compare_unit_price": 18.94, "consumption_unit": null, "consumption_quantity": null}], "temperature_zone": null, "is_self_scale_item": false, "is_weight_item": false, "is_available_in_all_stores": true, "is_batch_item": false}
{"id": 200436, "name": "H.C.ANDERSEN 9%", "underline": "50 CL.", "age_limit": 18, "hazard_precaution_statements": [], "labels": [], "description": "Øllen er en nummereret øl, hvilket også gør den til et samlerobjekt.  For at fejre Odenses 1000/års jubilæum i 1988, satte Albani et særligt bryg over. Resultatet blev så efterspurgt, at Albani året efter lancerede den specielle bryg under navnet HC Andersen.  Den frigives hvert år på H.C. Andersens fødselsdag 2. april, og etiketten bærer hvert år et nyt papirklip lavet af digteren selv. Produktet er en meget vinøs øl, der er undergæret, og med en lang lagringstid.  Smagen er frisk og let i forhold til alkoholstyrken.", "info": "", "images": [{"small": "https://rema-product-images.digital.rema1000.dk/200436/1-small-7doLwGy1P6.webp", "medium": "https://rema-product-images.digital.rema1000.dk/200436/1-medium-7doLwGy1P6.webp", "large": "https://rema-product-images.digital.rema1000.dk/200436/1-large-7doLwGy1P6.webp"}], "prices": [{"price": 18.5, "price_over_max_quantity": null, "max_quantity": null, "is_advertised": false, "is_campaign": false, "starting_at": "2023-01-05T00:00:00+00:00", "ending_at": "2025-08-20T00:00:00+00:00", "deposit": 1, "compare_unit": "ltr", "compare_unit_price": 37, "consumption_unit": null, "consumption_quantity": null}], "temperature_zone": null, "is_self_scale_item": false, "is_weight_item": false, "is_available_in_all_stores": false, "is_batch_item": false}
{"id": 200439, "name": "GIRAF BLACK 10%", "underline": "50 CL.", "age_limit": 18, "hazard_precaution_statements": [], "labels": [], "description": null, "info": "", "images": [{"small": "https://rema-product-images.digital.rema1000.dk/200439/1-small-zOPllJgWPR.webp", "medium": "https://rema-product-images.digital.rema1000.dk/200439/1-medium-zOPllJgWPR.webp", "large": "https://rema-product-images.digital.rema1000.dk/200439/1-large-zOPllJgWPR.webp"}], "prices": [{"price": 17.5, "price_over_max_quantity": null, "max_quantity": null, "is_advertised": false, "is_campaign": false, "starting_at": "2023-01-05T00:00:00+00:00", "ending_at": "2025-08-20T00:00:00+00:00", "deposit": 1, "compare_unit": "ltr", "compare_unit_price": 35, "consumption_unit": null, "consumption_quantity": null}], "temperature_zone": null, "is_self_scale_item": false, "is_weight_item": false, "is_available_in_all_stores": false, "is_batch_item": false}
{"id": 200456, "name": "CLASSIC 4,6%", "underline": "33 CL. / HARBOE", "age_limit": 16, "hazard_precaution_statements": [], "labels": [], "description": null, "info": "", "images": [{"small": "https://rema-product-images.digital.rema1000.dk/200456/1-small-18oXwQ27Pk.webp", "medium": "https://rema-product-images.digital.rema1000.dk/200456/1-medium-18oXwQ27Pk.webp", "large": "https://rema-product-images.digital.rema1000.dk/200456/1-large-18oXwQ27Pk.webp"}], "prices": [{"price": 4.5, "price_over_max_quantity": null, "max_quantity": null, "is_advertised": false, "is_campaign": false, "starting_at": "2023-06-22T00:00:00+00:00", "ending_at": "2025-08-30T00:00:00+00:00", "deposit": 1, "compare_unit": "ltr", "compare_unit_price": 13.64, "consumption_unit": null, "consumption_quantity": null}], "temperature_zone": null, "is_self_scale_item": false, "is_weight_item": false, "is_available_in_all_stores": true, "is_batch_item": false}
{"id": 200463, "name": "HARBOE 4,6%", "underline": "1.98 LTR. / CLASSIC 6 PAK", "age_limit": 16, "hazard_precaution_statements": [], "labels": [], "description": null, "info": "", "images": [{"small": "https://rema-product-images.digital.rema1000.dk/200463/1-small-rDq6K5mz9b.webp", "medium": "https://rema-product-images.digital.rema1000.dk/200463/1-medium-rDq6K5mz9b.webp", "large": "https://rema-product-images.digital.rema1000.dk/200463/1-large-rDq6K5mz9b.webp"}], "prices": [{"price": 27, "price_over_max_quantity": null, "max_quantity": null, "is_advertised": false, "is_campaign": false, "starting_at": "2023-06-22T00:00:00+00:00", "ending_at": "2025-08-30T00:00:00+00:00", "deposit": 6, "compare_unit": "ltr", "compare_unit_price": 13.64, "consumption_unit": null, "consumption_quantity": null}], "temperature_zone": null, "is_self_scale_item": false, "is_weight_item": false, "is_available_in_all_stores": true, "is_batch_item": false}
{"id": 200482, "name": "IPA 5,5%", "underline": "50 CL. / GYLDEN ALE", "age_limit": 16, "hazard_precaution_statements": [], "labels": [{"id": 9001, "name": "Avisvare", "image": "https://static-assets.digital.rema1000.dk/product/labels/9001-64.webp"}], "description": "Mørk, fyldig og robust øl brygget på byg, hvede, rug og havremalt. Øllen har en firsk og frugtagtig aroma.", "info": "", "images": [{"small": "https://rema-product-images.digital.rema1000.dk/200482/1-small-MBoNp4Eb9v.webp", "medium": "https://rema-product-images.digital.rema1000.dk/200482/1-medium-MBoNp4Eb9v.webp", "large": "https://rema-product-images.digital.rema1000.dk/200482/1-large-MBoNp4Eb9v.webp"}], "prices": [{"price": 15, "price_over_max_quantity": null, "max_quantity": null, "is_advertised": true, "is_campaign": true, "starting_at": "2025-08-17T00:00:00+00:00", "ending_at": "2025-08-23T00:00:00+00:00", "deposit": 1, "compare_unit": "ltr", "compare_unit_price": 30, "consumption_unit": null, "consumption_quantity": null}, {"price": 18.95, "price_over_max_quantity": null, "max_quantity": null, "is_advertised": false, "is_campaign": false, "starting_at": "2025-08-24T00:00:00+00:00", "ending_at": "2099-12-31T00:00:00+00:00", "deposit": 1, "compare_unit": "ltr", "compare_unit_price": 37.9, "consumption_unit": null, "consumption_quantity": null}], "temperature_zone": null, "is_self_scale_item": false, "is_weight_item": false, "is_available_in_all_stores": false, "is_batch_item": false}
{"id": 200541, "name": "INDIA PALE ALE 0,5%", "underline": "50 CL. / ALKOHOLFRI", "age_limit": null, "hazard_precaution_statements": [], "labels": [{"id": 9001, "name": "Avisvare", "image": "https://static-assets.digital.rema1000.dk/product/labels/9001-64.webp"}], "description": "Kraftig humleduft og smag. En forfriskende bitterhed og tydelig humlearoma.", "info": "", "images": [{"small": "https://rema-product-images.digital.rema1000.dk/200541/1-small-we9E3dAJog.webp", "medium": "https://rema-product-images.digital.rema1000.dk/200541/1-medium-we9E3dAJog.webp", "large": "https://rema-product-images.digital.rema1000.dk/200541/1-large-we9E3dAJog.webp"}], "prices": [{"price": 15, "price_over_max_quantity": null, "max_quantity": null, "is_advertised": true, "is_campaign": true, "starting_at": "2025-08-17T00:00:00+00:00", "ending_at": "2025-08-23T00:00:00+00:00", "deposit": 1, "compare_unit": "ltr", "compare_unit_price": 30, "consumption_unit": null, "consumption_quantity": null}, {"price": 18.95, "price_over_max_quantity": null, "max_quantity": null, "is_advertised": false, "is_campaign": false, "starting_at": "2025-08-24T00:00:00+00:00", "ending_at": "2099-12-31T00:00:00+00:00", "deposit": 1, "compare_unit": "ltr", "compare_unit_price": 37.9, "consumption_unit": null, "consumption_quantity": null}], "temperature_zone": null, "is_self_scale_item": false, "is_weight_item": false, "is_available_in_all_stores": false, "is_batch_item": false}
{"id": 200586, "name": "ALE NO 16 5,7%", "underline": "50 CL. / REFSVINDIGE", "age_limit": 16, "hazard_precaution_statements": [], "labels": [], "description": null, "info": "", "images": [{"small": "https://rema-product-images.digital.rema1000.dk/200586/1-small-A4PylmYL9L.webp", "medium": "https://rema-product-images.digital.rema1000.dk/200586/1-medium-A4PylmYL9L.webp", "large": "https://rema-product-images.digital.rema1000.dk/200586/1-large-A4PylmYL9L.webp"}], "prices": [{"price": 20, "price_over_max_quantity": null, "max_quantity": null, "is_advertised": false, "is_campaign": false, "starting_at": "2024-10-18T00:00:00+00:00", "ending_at": "2099-12-31T00:00:00+00:00", "deposit": 1, "compare_unit": "ltr", "compare_unit_price": 40, "consumption_unit": null, "consumption_quantity": null}], "temperature_zone": null, "is_self_scale_item": false, "is_weight_item": false, "is_available_in_all_stores": true, "is_batch_item": false}
{"id": 200603, "name": "MASTER BREW 10,5%", "underline": "50 CL. / CARLSBERG", "age_limit": 18, "hazard_precaution_statements": [], "labels": [], "description": "Sødmefyldt øl med en god balance i bitterheden. God til retter med vildt, braiseret kød og desserter med nødder", "info": "", "images": [{"small": "https://rema-product-images.digital.rema1000.dk/200603/1-small-3MoMB4YQq5.webp", "medium": "https://rema-product-images.digital.rema1000.dk/200603/1-medium-3MoMB4YQq5.webp", "large": "https://rema-product-images.digital.rema1000.dk/200603/1-large-3MoMB4YQq5.webp"}], "prices": [{"price": 21.75, "price_over_max_quantity": null, "max_quantity": null, "is_advertised": false, "is_campaign": false, "starting_at": "2025-01-02T00:00:00+00:00", "ending_at": "2099-12-31T00:00:00+00:00", "deposit": 1, "compare_unit": "ltr", "compare_unit_price": 43.5, "consumption_unit": null, "consumption_quantity": null}], "temperature_zone": null, "is_self_scale_item": false, "is_weight_item": false, "is_available_in_all_stores": true, "is_batch_item": false}
{"id": 200606, "name": "TUBORG GULD 5,6%", "underline": "1.98 LTR. / 6 PAK", "age_limit": 16, "hazard_precaution_statements": [], "labels": [], "description": null, "info": "", "images": [{"small": "https://rema-product-images.digital.rema1000.dk/200606/1-small-vVorQjL4P3.webp", "medium": "https://rema-product-images.digital.rema1000.dk/200606/1-medium-vVorQjL4P3.webp", "large": "https://rema-product-images.digital.rema1000.dk/200606/1-large-vVorQjL4P3.webp"}], "prices": [{"price": 50.4, "price_over_max_quantity": null, "max_quantity": null, "is_advertised": false, "is_campaign": false, "starting_at": "2025-01-02T00:00:00+00:00", "ending_at": "2099-12-31T00:00:00+00:00", "deposit": 6, "compare_unit": "ltr", "compare_unit_price": 25.45, "consumption_unit": null, "consumption_quantity": null}], "temperature_zone": null, "is_self_scale_item": false, "is_weight_item": false, "is_available_in_all_stores": false, "is_batch_item": false}
{"id": 20062, "name": "SMØRBAR BLOK", "underline": "200 GR. / NATURLI', ØKOLOGISK", "age_limit": null, "hazard_precaution_statements": [], "labels": [{"id": 5, "name": "Økologi", "image": "https://static-assets.digital.rema1000.dk/product/labels/5-64.webp"}], "description": null, "info": "", "images": [{"small": "https://rema-product-images.digital.rema1000.dk/20062/1-small-2B94vnlokM.webp", "medium": "https://rema-product-images.digital.rema1000.dk/20062/1-medium-2B94vnlokM.webp", "large": "https://rema-product-images.digital.rema1000.dk/20062/1-large-2B94vnlokM.webp"}], "prices": [{"price": 18.95, "price_over_max_quantity": null, "max_quantity": null, "is_advertised": false, "is_campaign": false, "starting_at": "2025-01-23T00:00:00+00:00", "ending_at": "2025-08-30T00:00:00+00:00", "deposit": null, "compare_unit": "kg", "compare_unit_price": 94.75, "consumption_unit": null, "consumption_quantity": null}], "temperature_zone": "refrigerated_5_degrees_celsius", "is_self_scale_item": false, "is_weight_item": false, "is_available_in_all_stores": false, "is_batch_item": false}
{"id": 200625, "name": "GOLDEN IPA 5,4%", "underline": "50 CL.", "age_limit": 16, "hazard_precaution_statements": [], "labels": [{"id": 9001, "name": "Avisvare", "image": "https://static-assets.digital.rema1000.dk/product/labels/9001-64.webp"}], "description": "Golden ipa er en balanceret mild ipa type, med en frisk og frugtig eftersmag.", "info": "", "images": [{"small": "https://rema-product-images.digital.rema1000.dk/200625/1-small-Ea91kveyoz.webp", "medium": "https://rema-product-images.digital.rema1000.dk/200625/1-medium-Ea91kveyoz.webp", "large": "https://rema-product-images.digital.rema1000.dk/200625/1-large-Ea91kveyoz.webp"}], "prices": [{"price": 15, "price_over_max_quantity": null, "max_quantity": null, "is_advertised": true, "is_campaign": true, "starting_at": "2025-08-17T00:00:00+00:00", "ending_at": "2025-08-23T00:00:00+00:00", "deposit": 1, "compare_unit": "ltr", "compare_unit_price": 30, "consumption_unit": null, "consumption_quantity": null}, {"price": 16.75, "price_over_max_quantity": null, "max_quantity": null, "is_advertised": false, "is_campaign": false, "starting_at": "2025-08-24T00:00:00+00:00", "ending_at": "2099-12-31T00:00:00+00:00", "deposit": 1, "compare_unit": "ltr", "compare_unit_price": 33.5, "consumption_unit": null, "consumption_quantity": null}], "temperature_zone": null, "is_self_scale_item": false, "is_weight_item": false, "is_available_in_all_stores": true, "is_batch_item": false}
{"id": 200642, "name": "ELEPHANT 7,2%", "underline": "50 CL. / CARLSBERG", "age_limit": 18, "hazard_precaution_statements": [], "labels": [], "description": null, "info": "", "images": [{"small": "https://rema-product-images.digital.rema1000.dk/200642/1-small-A4Pylmgl9L.webp", "medium": "https://rema-product-images.digital.rema1000.dk/200642/1-medium-A4Pylmgl9L.webp", "large": "https://rema-product-images.digital.rema1000.dk/200642/1-large-A4Pylmgl9L.webp"}], "prices": [{"price": 18.25, "price_over_max_quantity": null, "max_quantity": null, "is_advertised": false, "is_campaign": false, "starting_at": "2025-01-02T00:00:00+00:00", "ending_at": "2099-12-31T00:00:00+00:00", "deposit": 1, "compare_unit": "ltr", "compare_unit_price": 36.5, "consumption_unit": null, "consumption_quantity": null}], "temperature_zone": null, "is_self_scale_item": false, "is_weight_item": false, "is_available_in_all_stores": true, "is_batch_item": false}
{"id": 200651, "name": "ROYAL 4,6%", "underline": "33 CL. / IPA", "age_limit": 16, "hazard_precaution_statements": [], "labels": [], "description": "En god maltsødme balan- ceret af en mild frisk og humlet efterbitterhed.", "info": "", "images": [{"small": "https://rema-product-images.digital.rema1000.dk/200651/1-small-v09gQEpxoA.webp", "medium": "https://rema-product-images.digital.rema1000.dk/200651/1-medium-v09gQEpxoA.webp", "large": "https://rema-product-images.digital.rema1000.dk/200651/1-large-v09gQEpxoA.webp"}], "prices": [{"price": 7, "price_over_max_quantity": null, "max_quantity": null, "is_advertised": false, "is_campaign": false, "starting_at": "2025-01-02T00:00:00+00:00", "ending_at": "2099-12-31T00:00:00+00:00", "deposit": 1, "compare_unit": "ltr", "compare_unit_price": 21.21, "consumption_unit": null, "consumption_quantity": null}], "temperature_zone": null, "is_self_scale_item": false, "is_weight_item": false, "is_available_in_all_stores": true, "is_batch_item": false}
{"id": 200670, "name": "HARBOE PILSNER", "underline": "33 CL. / ALKOHOLFRI 0,0%", "age_limit": null, "hazard_precaution_statements": [], "labels": [], "description": null, "info": "", "images": [{"small": "https://rema-product-images.digital.rema1000.dk/200670/1-small-kOq33BQ4q6.webp", "medium": "https://rema-product-images.digital.rema1000.dk/200670/1-medium-kOq33BQ4q6.webp", "large": "https://rema-product-images.digital.rema1000.dk/200670/1-large-kOq33BQ4q6.webp"}], "prices": [{"price": 4, "price_over_max_quantity": null, "max_quantity": null, "is_advertised": false, "is_campaign": false, "starting_at": "2025-04-17T00:00:00+00:00", "ending_at": "2025-08-30T00:00:00+00:00", "deposit": 1, "compare_unit": "ltr", "compare_unit_price": 12.12, "consumption_unit": null, "consumption_quantity": null}], "temperature_zone": null, "is_self_scale_item": false, "is_weight_item": false, "is_available_in_all_stores": false, "is_batch_item": false}
{"id": 20068, "name": "APPELSIN JUICE", "underline": "900 ML. / INNOCENT", "age_limit": null, "hazard_precaution_statements": [], "labels": [], "description": null, "info": "", "images": [{"small": "https://rema-product-images.digital.rema1000.dk/20068/1-small-vXod6lY93k.webp", "medium": "https://rema-product-images.digital.rema1000.dk/20068/1-medium-vXod6lY93k.webp", "large": "https://rema-product-images.digital.rema1000.dk/20068/1-large-vXod6lY93k.webp"}], "prices": [{"price": 22, "price_over_max_quantity": null, "max_quantity": null, "is_advertised": false, "is_campaign": true, "starting_at": "2025-08-07T00:00:00+00:00", "ending_at": "2025-09-03T00:00:00+00:00", "deposit": 1.5, "compare_unit": "ltr", "compare_unit_price": 24.44, "consumption_unit": null, "consumption_quantity": null}], "temperature_zone": "refrigerated_5_degrees_celsius", "is_self_scale_item": false, "is_weight_item": false, "is_available_in_all_stores": false, "is_batch_item": false}
{"id": 200698, "name": "ROYAL BLANCHE 4,6%", "underline": "33 CL.", "age_limit": 16, "hazard_precaution_statements": [], "labels": [], "description": null, "info": "", "images": [{"small": "https://rema-product-images.digital.rema1000.dk/200698/1-small-Al903bQyq8.webp", "medium": "https://rema-product-images.digital.rema1000.dk/200698/1-medium-Al903bQyq8.webp", "large": "https://rema-product-images.digital.rema1000.dk/200698/1-large-Al903bQyq8.webp"}], "prices": [{"price": 7, "price_over_max_quantity": null, "max_quantity": null, "is_advertised": false, "is_campaign": false, "starting_at": "2024-10-29T00:00:00+00:00", "ending_at": "2099-12-31T00:00:00+00:00", "deposit": 1, "compare_unit": "ltr", "compare_unit_price": 21.21, "consumption_unit": null, "consumption_quantity": null}], "temperature_zone": null, "is_self_scale_item": false, "is_weight_item": false, "is_available_in_all_stores": false, "is_batch_item": false}
{"id": 200703, "name": "HARBOE PILSNER 4,6%", "underline": "1.98 LTR. / 6 PAK", "age_limit": 16, "hazard_precaution_statements": [], "labels": [], "description": null, "info": "", "images": [{"small": "https://rema-product-images.digital.rema1000.dk/200703/1-small-3MoMB453q5.webp", "medium": "https://rema-product-images.digital.rema1000.dk/200703/1-medium-3MoMB453q5.webp", "large": "https://rema-product-images.digital.rema1000.dk/200703/1-large-3MoMB453q5.webp"}], "prices": [{"price": 25.2, "price_over_max_quantity": null, "max_quantity": null, "is_advertised": false, "is_campaign": false, "starting_at": "2025-02-06T00:00:00+00:00", "ending_at": "2025-08-30T00:00:00+00:00", "deposit": 6, "compare_unit": "ltr", "compare_unit_price": 12.73, "consumption_unit": null, "consumption_quantity": null}], "temperature_zone": null, "is_self_scale_item": false, "is_weight_item": false, "is_available_in_all_stores": true, "is_batch_item": false}
{"id": 200708, "name": "HARBOE GULDØL 5,7%", "underline": "33 CL.", "age_limit": 16, "hazard_precaution_statements": [], "labels": [], "description": null, "info": "", "images": [{"small": "https://rema-product-images.digital.rema1000.dk/200708/1-small-NpP7O8L5PO.webp", "medium": "https://rema-product-images.digital.rema1000.dk/200708/1-medium-NpP7O8L5PO.webp", "large": "https://rema-product-images.digital.rema1000.dk/200708/1-large-NpP7O8L5PO.webp"}], "prices": [{"price": 6.2, "price_over_max_quantity": null, "max_quantity": null, "is_advertised": false, "is_campaign": false, "starting_at": "2025-02-06T00:00:00+00:00", "ending_at": "2099-12-31T00:00:00+00:00", "deposit": 1, "compare_unit": "ltr", "compare_unit_price": 18.79, "consumption_unit": null, "consumption_quantity": null}], "temperature_zone": null, "is_self_scale_item": false, "is_weight_item": false, "is_available_in_all_stores": true, "is_batch_item": false}
{"id": 200750, "name": "PILSNER URQUELL 4,4%", "underline": "50 CL.", "age_limit": 16, "hazard_precaution_statements": [], "labels": [], "description": "Ingredienser fra lokalområdet, klassisk bryggemetode og solidt håndværk giver den fyldige og velafbalancerede smag", "info": "", "images": [{"small": "https://rema-product-images.digital.rema1000.dk/200750/1-small-vVorQjk7P3.webp", "medium": "https://rema-product-images.digital.rema1000.dk/200750/1-medium-vVorQjk7P3.webp", "large": "https://rema-product-images.digital.rema1000.dk/200750/1-large-vVorQjk7P3.webp"}], "prices": [{"price": 14.95, "price_over_max_quantity": null, "max_quantity": null, "is_advertised": false, "is_campaign": false, "starting_at": "2024-01-04T00:00:00+00:00", "ending_at": "2099-12-31T00:00:00+00:00", "deposit": 1, "compare_unit": "ltr", "compare_unit_price": 29.9, "consumption_unit": null, "consumption_quantity": null}], "temperature_zone": null, "is_self_scale_item": false, "is_weight_item": false, "is_available_in_all_stores": true, "is_batch_item": false}
{"id": 200751, "name": "WEISSBIER 5,3%", "underline": "50 CL. / ERDINGER", "age_limit": 16, "hazard_precaution_statements": [], "labels": [], "description": "Frisk og velafbalanceret smag. God til salater, sushi, fiskeretter, asiatisk mad og robuste retter med svindekød", "info": "", "images": [{"small": "https://rema-product-images.digital.rema1000.dk/200751/1-small-v09gQEknoA.webp", "medium": "https://rema-product-images.digital.rema1000.dk/200751/1-medium-v09gQEknoA.webp", "large": "https://rema-product-images.digital.rema1000.dk/200751/1-large-v09gQEknoA.webp"}], "prices": [{"price": 18, "price_over_max_quantity": null, "max_quantity": null, "is_advertised": false, "is_campaign": false, "starting_at": "2024-01-04T00:00:00+00:00", "ending_at": "2099-12-31T00:00:00+00:00", "deposit": 1, "compare_unit": "ltr", "compare_unit_price": 36, "consumption_unit": null, "consumption_quantity": null}], "temperature_zone": null, "is_self_scale_item": false, "is_weight_item": false, "is_available_in_all_stores": true, "is_batch_item": false}
{"id": 200836, "name": "ROYAL CLASSIC", "underline": "33 CL. / 0,0", "age_limit": null, "hazard_precaution_statements": [], "labels": [], "description": null, "info": "", "images": [{"small": "https://rema-product-images.digital.rema1000.dk/200836/1-small-7doLwGNLP6.webp", "medium": "https://rema-product-images.digital.rema1000.dk/200836/1-medium-7doLwGNLP6.webp", "large": "https://rema-product-images.digital.rema1000.dk/200836/1-large-7doLwGNLP6.webp"}], "prices": [{"price": 6.4, "price_over_max_quantity": null, "max_quantity": null, "is_advertised": false, "is_campaign": false, "starting_at": "2025-01-02T00:00:00+00:00", "ending_at": "2099-12-31T00:00:00+00:00", "deposit": 1, "compare_unit": "ltr", "compare_unit_price": 19.39, "consumption_unit": null, "consumption_quantity": null}], "temperature_zone": null, "is_self_scale_item": false, "is_weight_item": false, "is_available_in_all_stores": true, "is_batch_item": false}
{"id": 200855, "name": "CORONA 4,5%", "underline": "33 CL. / EXTRA", "age_limit": 16, "hazard_precaution_statements": [], "labels": [], "description": null, "info": "", "images": [{"small": "https://rema-product-images.digital.rema1000.dk/200855/1-small-A5qV6L7pqa.webp", "medium": "https://rema-product-images.digital.rema1000.dk/200855/1-medium-A5qV6L7pqa.webp", "large": "https://rema-product-images.digital.rema1000.dk/200855/1-large-A5qV6L7pqa.webp"}], "prices": [{"price": 15.5, "price_over_max_quantity": null, "max_quantity": null, "is_advertised": false, "is_campaign": false, "starting_at": "2025-01-02T00:00:00+00:00", "ending_at": "2025-09-06T00:00:00+00:00", "deposit": 1, "compare_unit": "ltr", "compare_unit_price": 46.97, "consumption_unit": null, "consumption_quantity": null}], "temperature_zone": null, "is_self_scale_item": false, "is_weight_item": false, "is_available_in_all_stores": true, "is_batch_item": false}
{"id": 200878, "name": "GRIMBERGEN 6,7%", "underline": "33 CL. / BLONDE", "age_limit": 18, "hazard_precaution_statements": [], "labels": [], "description": "Smagen er rund og sødmefuldt efterfulgt af en mild bitterhed. God til svinekød, kylling og salater med rejer og skaldyr", "info": "", "images": [{"small": "https://rema-product-images.digital.rema1000.dk/200878/1-small-yLqGjWErod.webp", "medium": "https://rema-product-images.digital.rema1000.dk/200878/1-medium-yLqGjWErod.webp", "large": "https://rema-product-images.digital.rema1000.dk/200878/1-large-yLqGjWErod.webp"}], "prices": [{"price": 14, "price_over_max_quantity": null, "max_quantity": null, "is_advertised": false, "is_campaign": false, "starting_at": "2023-01-05T00:00:00+00:00", "ending_at": "2025-09-03T00:00:00+00:00", "deposit": 1, "compare_unit": "ltr", "compare_unit_price": 42.42, "consumption_unit": null, "consumption_quantity": null}], "temperature_zone": null, "is_self_scale_item": false, "is_weight_item": false, "is_available_in_all_stores": true, "is_batch_item": false}
{"id": 200880, "name": "GRIMBERGEN 6,5%", "underline": "33 CL. / DOUBLE", "age_limit": 18, "hazard_precaution_statements": [], "labels": [], "description": "Sødlig smag med let brændt eftersmag af karamel. God til revelsben, glaseret skinke, rødkitoste og franske skæreoste", "info": "", "images": [{"small": "https://rema-product-images.digital.rema1000.dk/200880/1-small-7doLwGJLP6.webp", "medium": "https://rema-product-images.digital.rema1000.dk/200880/1-medium-7doLwGJLP6.webp", "large": "https://rema-product-images.digital.rema1000.dk/200880/1-large-7doLwGJLP6.webp"}], "prices": [{"price": 14, "price_over_max_quantity": null, "max_quantity": null, "is_advertised": false, "is_campaign": false, "starting_at": "2023-01-05T00:00:00+00:00", "ending_at": "2025-09-03T00:00:00+00:00", "deposit": 1, "compare_unit": "ltr", "compare_unit_price": 42.42, "consumption_unit": null, "consumption_quantity": null}], "temperature_zone": null, "is_self_scale_item": false, "is_weight_item": false, "is_available_in_all_stores": true, "is_batch_item": false}
{"id": 200920, "name": "BROWN ALE 4,7%", "underline": "50 CL. / NEWCASTLE", "age_limit": 16, "hazard_precaution_statements": [], "labels": [], "description": "Gyldenbrun ale med en fyldig smag med stor krop og en frisk let sød finish, der giver en sublim blød smagsoplevelse", "info": "", "images": [{"small": "https://rema-product-images.digital.rema1000.dk/200920/1-small-AKqeLz62op.webp", "medium": "https://rema-product-images.digital.rema1000.dk/200920/1-medium-AKqeLz62op.webp", "large": "https://rema-product-images.digital.rema1000.dk/200920/1-large-AKqeLz62op.webp"}], "prices": [{"price": 16.5, "price_over_max_quantity": null, "max_quantity": null, "is_advertised": false, "is_campaign": false, "starting_at": "2023-01-05T00:00:00+00:00", "ending_at": "2025-08-20T00:00:00+00:00", "deposit": 1, "compare_unit": "ltr", "compare_unit_price": 33, "consumption_unit": null, "consumption_quantity": null}], "temperature_zone": null, "is_self_scale_item": false, "is_weight_item": false, "is_available_in_all_stores": true, "is_batch_item": false}
{"id": 200952, "name": "ESTRELLA DAMM 5,4%", "underline": "33 CL. / DAURA", "age_limit": 16, "hazard_precaution_statements": [], "labels": [{"id": 38, "name": "Gluten fri", "image": "https://static-assets.digital.rema1000.dk/product/labels/38-64.webp"}], "description": "En lys og forfriskende øl, med en behagelig bitterhed og en let maltet smag.", "info": "", "images": [{"small": "https://rema-product-images.digital.rema1000.dk/200952/1-small-NpP7O8W0PO.webp", "medium": "https://rema-product-images.digital.rema1000.dk/200952/1-medium-NpP7O8W0PO.webp", "large": "https://rema-product-images.digital.rema1000.dk/200952/1-large-NpP7O8W0PO.webp"}], "prices": [{"price": 12.95, "price_over_max_quantity": null, "max_quantity": null, "is_advertised": false, "is_campaign": false, "starting_at": "2023-12-01T00:00:00+00:00", "ending_at": "2099-12-31T00:00:00+00:00", "deposit": 1, "compare_unit": "ltr", "compare_unit_price": 39.24, "consumption_unit": null, "consumption_quantity": null}], "temperature_zone": null, "is_self_scale_item": false, "is_weight_item": false, "is_available_in_all_stores": true, "is_batch_item": false}
{"id": 200965, "name": "FYNSK FORÅR 5%", "underline": "50 CL. / ØRBÆK", "age_limit": 16, "hazard_precaution_statements": [], "labels": [{"id": 6, "name": "Økologi", "image": "https://static-assets.digital.rema1000.dk/product/labels/6-64.webp"}], "description": "Overgæret øl brygget med forbillede i de engelse aletyper. Tilsat hyldeblomst. Frisk blomstersmag. God til lette retter", "info": "", "images": [{"small": "https://rema-product-images.digital.rema1000.dk/200965/1-small-bJ9YBL2ZPL.webp", "medium": "https://rema-product-images.digital.rema1000.dk/200965/1-medium-bJ9YBL2ZPL.webp", "large": "https://rema-product-images.digital.rema1000.dk/200965/1-large-bJ9YBL2ZPL.webp"}], "prices": [{"price": 20.25, "price_over_max_quantity": null, "max_quantity": null, "is_advertised": false, "is_campaign": false, "starting_at": "2025-01-02T00:00:00+00:00", "ending_at": "2099-12-31T00:00:00+00:00", "deposit": 1, "compare_unit": "ltr", "compare_unit_price": 40.5, "consumption_unit": null, "consumption_quantity": null}], "temperature_zone": null, "is_self_scale_item": false, "is_weight_item": false, "is_available_in_all_stores": true, "is_batch_item": false}
{"id": 20100, "name": "SØDMÆLK 3,5%", "underline": "1 LTR. / ARLA 24 TIMER", "age_limit": null, "hazard_precaution_statements": [], "labels": [{"id": 70, "name": "Dansk", "image": "https://static-assets.digital.rema1000.dk/product/labels/70-64.webp"}, {"id": 202, "name": "Bedre dyrevelfærd 2", "image": "https://static-assets.digital.rema1000.dk/product/labels/202-64.webp"}], "description": null, "info": "", "images": [{"small": "https://rema-product-images.digital.rema1000.dk/20100/1-small-xePwlvEow8.webp", "medium": "https://rema-product-images.digital.rema1000.dk/20100/1-medium-xePwlvEow8.webp", "large": "https://rema-product-images.digital.rema1000.dk/20100/1-large-xePwlvEow8.webp"}], "prices": [{"price": 14.95, "price_over_max_quantity": null, "max_quantity": null, "is_advertised": false, "is_campaign": false, "starting_at": "2025-01-30T00:00:00+00:00", "ending_at": "2099-12-31T00:00:00+00:00", "deposit": null, "compare_unit": "ltr", "compare_unit_price": 14.95, "consumption_unit": null, "consumption_quantity": null}], "temperature_zone": "refrigerated_5_degrees_celsius", "is_self_scale_item": false, "is_weight_item": false, "is_available_in_all_stores": true, "is_batch_item": false}
{"id": 201003, "name": "PILSNER 4,6%", "underline": "33 CL. / CARLSBERG", "age_limit": 16, "hazard_precaution_statements": [], "labels": [], "description": null, "info": "", "images": [{"small": "https://rema-product-images.digital.rema1000.dk/201003/1-small-3MoMB4jlq5.webp", "medium": "https://rema-product-images.digital.rema1000.dk/201003/1-medium-3MoMB4jlq5.webp", "large": "https://rema-product-images.digital.rema1000.dk/201003/1-large-3MoMB4jlq5.webp"}], "prices": [{"price": 7, "price_over_max_quantity": null, "max_quantity": null, "is_advertised": false, "is_campaign": false, "starting_at": "2025-05-18T00:00:00+00:00", "ending_at": "2025-08-23T00:00:00+00:00", "deposit": 1, "compare_unit": "ltr", "compare_unit_price": 21.21, "consumption_unit": null, "consumption_quantity": null}], "temperature_zone": null, "is_self_scale_item": false, "is_weight_item": false, "is_available_in_all_stores": true, "is_batch_item": false}
{"id": 20131, "name": "PISKEFLØDE 38%", "underline": "330 ML. / GRAM SLOT, ØKOLOGISK", "age_limit": null, "hazard_precaution_statements": [], "labels": [{"id": 5, "name": "Økologi", "image": "https://static-assets.digital.rema1000.dk/product/labels/5-64.webp"}, {"id": 6, "name": "Økologi", "image": "https://static-assets.digital.rema1000.dk/product/labels/6-64.webp"}, {"id": 39, "name": "Gram slot", "image": "https://static-assets.digital.rema1000.dk/product/labels/39-64.webp"}, {"id": 190, "name": "Anbefalet af Dyrenes Beskyttelse", "image": "https://static-assets.digital.rema1000.dk/product/labels/190-64.webp"}, {"id": 203, "name": "Bedre dyrevelfærd 3", "image": "https://static-assets.digital.rema1000.dk/product/labels/203-64.webp"}], "description": "<br /> REMA 1000 er medejer af et af Danmarks største økologiske landbrug, Gram Slot, som dagligt leverer bl.a. økologisk mælk, kartofler, mel og havregryn til REMA 1000s butikker.<br /> <br /> På Gram Slot er dyrevelfærd i højsædet, ligesom Jorden ved Gram Slot dyrkes med stor respekt og omtanke. Køerne ved Gram Slot er på græs hele sommeren. I kløvergræsset på markerne er der sået urter, som indeholder æteriske olier og er rige på mineraler. Vi driver markerne på denne måde, fordi urterne giver køerne et varieret, velsmagende foder.<br /> <br /> Om emballagen:<br /> Let at åbne. Let at hælde af. Minimal affaldsmængde. Med denne letvægtsemballage spares der ressourcer, da den kræver færre råmaterialer - lige fra produktion til transport af affald. <br /> <br />", "info": "", "images": [{"small": "https://rema-product-images.digital.rema1000.dk/20131/1-small-01q2ky497n.webp", "medium": "https://rema-product-images.digital.rema1000.dk/20131/1-medium-01q2ky497n.webp", "large": "https://rema-product-images.digital.rema1000.dk/20131/1-large-01q2ky497n.webp"}], "prices": [{"price": 20.95, "price_over_max_quantity": null, "max_quantity": null, "is_advertised": false, "is_campaign": false, "starting_at": "2025-01-30T00:00:00+00:00", "ending_at": "2099-12-31T00:00:00+00:00", "deposit": null, "compare_unit": "ltr", "compare_unit_price": 63.48, "consumption_unit": null, "consumption_quantity": null}], "temperature_zone": "refrigerated_5_degrees_celsius", "is_self_scale_item": false, "is_weight_item": false, "is_available_in_all_stores": true, "is_batch_item": false}
{"id": 20152, "name": "MADFLØDE 13%", "underline": "300 ML. / ARLA, LACTOFREE", "age_limit": null, "hazard_precaution_statements": [], "labels": [{"id": 37, "name": "Laktose fri", "image": "https://static-assets.digital.rema1000.dk/product/labels/37-64.webp"}], "description": null, "info": "", "images": [{"small": "https://rema-product-images.digital.rema1000.dk/20152/1-small-NpP7A7EqOl.webp", "medium": "https://rema-product-images.digital.rema1000.dk/20152/1-medium-NpP7A7EqOl.webp", "large": "https://rema-product-images.digital.rema1000.dk/20152/1-large-NpP7A7EqOl.webp"}], "prices": [{"price": 15.95, "price_over_max_quantity": null, "max_quantity": null, "is_advertised": false, "is_campaign": false, "starting_at": "2025-01-30T00:00:00+00:00", "ending_at": "2099-12-31T00:00:00+00:00", "deposit": null, "compare_unit": "ltr", "compare_unit_price": 53.17, "consumption_unit": null, "consumption_quantity": null}], "temperature_zone": "refrigerated_5_degrees_celsius", "is_self_scale_item": false, "is_weight_item": false, "is_available_in_all_stores": false, "is_batch_item": false}
{"id": 20154, "name": "PISKBAR", "underline": "250 ML. / ALPRO SOYA", "age_limit": null, "hazard_precaution_statements": [], "labels": [], "description": "100% plantebaseret alternativ til piskefløde. Helt uden laktose, mælkeprotein og andre komælksbestanddele. Praktisk 250 ml. karton med skruelåg. Piskes nemt til luftig og velsmagende -flødeskum-, der kan stå flot i mange timer. Brug den til tærter, lagkager og desserter. Velegnet til veganere, mælkeallergikere, laktoseintolerante og mennesker, der blot ønsker at undgå komælk", "info": "", "images": [{"small": "https://rema-product-images.digital.rema1000.dk/20154/1-small-Al90EB3P8w.webp", "medium": "https://rema-product-images.digital.rema1000.dk/20154/1-medium-Al90EB3P8w.webp", "large": "https://rema-product-images.digital.rema1000.dk/20154/1-large-Al90EB3P8w.webp"}], "prices": [{"price": 14.35, "price_over_max_quantity": null, "max_quantity": null, "is_advertised": false, "is_campaign": false, "starting_at": "2024-02-15T00:00:00+00:00", "ending_at": "2099-12-31T00:00:00+00:00", "deposit": null, "compare_unit": "ltr", "compare_unit_price": 57.4, "consumption_unit": null, "consumption_quantity": null}], "temperature_zone": "refrigerated_5_degrees_celsius", "is_self_scale_item": false, "is_weight_item": false, "is_available_in_all_stores": false, "is_batch_item": false}
{"id": 201557, "name": "NORDIC PILSNER", "underline": "33 CL. / CARLSBERG 0,0%", "age_limit": null, "hazard_precaution_statements": [], "labels": [], "description": null, "info": "", "images": [{"small": "https://rema-product-images.digital.rema1000.dk/201557/1-small-wyPb02agqE.webp", "medium": "https://rema-product-images.digital.rema1000.dk/201557/1-medium-wyPb02agqE.webp", "large": "https://rema-product-images.digital.rema1000.dk/201557/1-large-wyPb02agqE.webp"}], "prices": [{"price": 7.1, "price_over_max_quantity": null, "max_quantity": null, "is_advertised": false, "is_campaign": false, "starting_at": "2025-01-02T00:00:00+00:00", "ending_at": "2025-08-23T00:00:00+00:00", "deposit": 1, "compare_unit": "ltr", "compare_unit_price": 21.52, "consumption_unit": null, "consumption_quantity": null}], "temperature_zone": null, "is_self_scale_item": false, "is_weight_item": false, "is_available_in_all_stores": true, "is_batch_item": false}
{"id": 20231, "name": "BLÅBÆR/VANILJE", "underline": "1000 GR. / CHEASY, PROTEIN YOGHURT", "age_limit": null, "hazard_precaution_statements": [], "labels": [{"id": 9001, "name": "Avisvare", "image": "https://static-assets.digital.rema1000.dk/product/labels/9001-64.webp"}, {"id": 31, "name": "Ikke tilsat sukker", "image": "https://static-assets.digital.rema1000.dk/product/labels/31-64.webp"}, {"id": 70, "name": "Dansk", "image": "https://static-assets.digital.rema1000.dk/product/labels/70-64.webp"}], "description": "Ikke tilsat sukker  Skyr yoghurt 0,2% fra Cheasy, er yoghurt hvor der er blandet skyr i, for at få et mere spisevenligt og velsmagende alternativ til almindelig yoghurt.", "info": "", "images": [{"small": "https://rema-product-images.digital.rema1000.dk/20231/1-small-01q2kmO97n.webp", "medium": "https://rema-product-images.digital.rema1000.dk/20231/1-medium-01q2kmO97n.webp", "large": "https://rema-product-images.digital.rema1000.dk/20231/1-large-01q2kmO97n.webp"}], "prices": [{"price": 15, "price_over_max_quantity": null, "max_quantity": null, "is_advertised": true, "is_campaign": true, "starting_at": "2025-08-17T00:00:00+00:00", "ending_at": "2025-08-23T00:00:00+00:00", "deposit": null, "compare_unit": "kg", "compare_unit_price": 15, "consumption_unit": null, "consumption_quantity": null}, {"price": 22.95, "price_over_max_quantity": null, "max_quantity": null, "is_advertised": false, "is_campaign": false, "starting_at": "2025-08-24T00:00:00+00:00", "ending_at": "2099-12-31T00:00:00+00:00", "deposit": null, "compare_unit": "kg", "compare_unit_price": 22.95, "consumption_unit": null, "consumption_quantity": null}], "temperature_zone": "refrigerated_5_degrees_celsius", "is_self_scale_item": false, "is_weight_item": false, "is_available_in_all_stores": false, "is_batch_item": false}
{"id": 20233, "name": "PROTEIN CHOCO", "underline": "500 GR. / ARLA, CHOKOLADE SMAG", "age_limit": null, "hazard_precaution_statements": [], "labels": [{"id": 37, "name": "Laktose fri", "image": "https://static-assets.digital.rema1000.dk/product/labels/37-64.webp"}], "description": "Arla® Protein kakaomælk har en lækker smag af chokolade. Den indeholder 40% mindre  sukker end andre mælkedrikke, og der er ingen sødestoffer tilsat.  Dertil indeholder den 25g. protein pr. portion, som bidrager  til at vedligeholde og øge muskelmasse. ", "info": "", "images": [{"small": "https://rema-product-images.digital.rema1000.dk/20233/1-small-YLPjjDRPkx.webp", "medium": "https://rema-product-images.digital.rema1000.dk/20233/1-medium-YLPjjDRPkx.webp", "large": "https://rema-product-images.digital.rema1000.dk/20233/1-large-YLPjjDRPkx.webp"}], "prices": [{"price": 17.95, "price_over_max_quantity": null, "max_quantity": null, "is_advertised": false, "is_campaign": false, "starting_at": "2025-01-30T00:00:00+00:00", "ending_at": "2099-12-31T00:00:00+00:00", "deposit": null, "compare_unit": "kg", "compare_unit_price": 35.9, "consumption_unit": null, "consumption_quantity": null}], "temperature_zone": "refrigerated_5_degrees_celsius", "is_self_scale_item": false, "is_weight_item": false, "is_available_in_all_stores": false, "is_batch_item": false}
{"id": 202400, "name": "ÅRGANGSØL 10,6%", "underline": "50 CL. / WIIBROE", "age_limit": 18, "hazard_precaution_statements": [], "labels": [], "description": "Smagen rummer både friske, syrlige og søde nuancer. Mild duft af blomster på grund af den ekstra humle", "info": "", "images": [{"small": "https://rema-product-images.digital.rema1000.dk/202400/1-small-xePwBve79w.webp", "medium": "https://rema-product-images.digital.rema1000.dk/202400/1-medium-xePwBve79w.webp", "large": "https://rema-product-images.digital.rema1000.dk/202400/1-large-xePwBve79w.webp"}], "prices": [{"price": 21.25, "price_over_max_quantity": null, "max_quantity": null, "is_advertised": false, "is_campaign": false, "starting_at": "2025-01-02T00:00:00+00:00", "ending_at": "2099-12-31T00:00:00+00:00", "deposit": 1, "compare_unit": "ltr", "compare_unit_price": 42.5, "consumption_unit": null, "consumption_quantity": null}], "temperature_zone": null, "is_self_scale_item": false, "is_weight_item": false, "is_available_in_all_stores": true, "is_batch_item": false}
{"id": 202418, "name": "JACOBSEN SAISON 5,5%", "underline": "44 CL. / A LA BUN", "age_limit": 16, "hazard_precaution_statements": [], "labels": [{"id": 5, "name": "Økologi", "image": "https://static-assets.digital.rema1000.dk/product/labels/5-64.webp"}, {"id": 6, "name": "Økologi", "image": "https://static-assets.digital.rema1000.dk/product/labels/6-64.webp"}], "description": "Øllet har en let sløret gylden farve. Den er frugtig, frisk humlet let at drikke og alligevel raffineret.", "info": "", "images": [{"small": "https://rema-product-images.digital.rema1000.dk/202418/1-small-2B94YVB8Pk.webp", "medium": "https://rema-product-images.digital.rema1000.dk/202418/1-medium-2B94YVB8Pk.webp", "large": "https://rema-product-images.digital.rema1000.dk/202418/1-large-2B94YVB8Pk.webp"}], "prices": [{"price": 18.95, "price_over_max_quantity": null, "max_quantity": null, "is_advertised": false, "is_campaign": false, "starting_at": "2024-11-28T00:00:00+00:00", "ending_at": "2025-09-13T00:00:00+00:00", "deposit": 1, "compare_unit": "ltr", "compare_unit_price": 43.07, "consumption_unit": null, "consumption_quantity": null}], "temperature_zone": null, "is_self_scale_item": false, "is_weight_item": false, "is_available_in_all_stores": true, "is_batch_item": false}
{"id": 202470, "name": "ÅRGANGSBRYG 10%", "underline": "50 CL. / HARBOE", "age_limit": 18, "hazard_precaution_statements": [], "labels": [], "description": "Årgangsbryg 10% er en mørk gylden øl med en karakteristisk smag af mørke malte og velafbalanceret sødme", "info": "", "images": [{"small": "https://rema-product-images.digital.rema1000.dk/202470/1-small-kOq330ZJq6.webp", "medium": "https://rema-product-images.digital.rema1000.dk/202470/1-medium-kOq330ZJq6.webp", "large": "https://rema-product-images.digital.rema1000.dk/202470/1-large-kOq330ZJq6.webp"}], "prices": [{"price": 14.75, "price_over_max_quantity": null, "max_quantity": null, "is_advertised": false, "is_campaign": false, "starting_at": "2025-02-06T00:00:00+00:00", "ending_at": "2099-12-31T00:00:00+00:00", "deposit": 1, "compare_unit": "ltr", "compare_unit_price": 29.5, "consumption_unit": null, "consumption_quantity": null}], "temperature_zone": null, "is_self_scale_item": false, "is_weight_item": false, "is_available_in_all_stores": true, "is_batch_item": false}
{"id": 20252, "name": "SKOVBÆR", "underline": "1000 GR. / CHEASY, SKYR YOGHURT", "age_limit": null, "hazard_precaution_statements": [], "labels": [], "description": null, "info": "", "images": [{"small": "https://rema-product-images.digital.rema1000.dk/20252/1-small-NpP7AX2qOl.webp", "medium": "https://rema-product-images.digital.rema1000.dk/20252/1-medium-NpP7AX2qOl.webp", "large": "https://rema-product-images.digital.rema1000.dk/20252/1-large-NpP7AX2qOl.webp"}], "prices": [{"price": 32.95, "price_over_max_quantity": null, "max_quantity": null, "is_advertised": false, "is_campaign": false, "starting_at": "2024-09-26T00:00:00+00:00", "ending_at": "2025-08-20T00:00:00+00:00", "deposit": null, "compare_unit": "kg", "compare_unit_price": 32.95, "consumption_unit": null, "consumption_quantity": null}], "temperature_zone": "refrigerated_5_degrees_celsius", "is_self_scale_item": false, "is_weight_item": false, "is_available_in_all_stores": false, "is_batch_item": false}
{"id": 203060, "name": "KONGENS BRYG 1,7%", "underline": "33 CL. / HVIDTØL", "age_limit": 16, "hazard_precaution_statements": [], "labels": [], "description": "Alkoholsvag sød ekstraktrig hvidtøl. Den nærmest sorte farve skyldes de store mængder lager-, farve og karamelmalt", "info": "", "images": [{"small": "https://rema-product-images.digital.rema1000.dk/203060/1-small-6xqAx7kWoD.webp", "medium": "https://rema-product-images.digital.rema1000.dk/203060/1-medium-6xqAx7kWoD.webp", "large": "https://rema-product-images.digital.rema1000.dk/203060/1-large-6xqAx7kWoD.webp"}], "prices": [{"price": 5.75, "price_over_max_quantity": null, "max_quantity": null, "is_advertised": false, "is_campaign": false, "starting_at": "2025-01-02T00:00:00+00:00", "ending_at": "2099-12-31T00:00:00+00:00", "deposit": 1, "compare_unit": "ltr", "compare_unit_price": 17.42, "consumption_unit": null, "consumption_quantity": null}], "temperature_zone": null, "is_self_scale_item": false, "is_weight_item": false, "is_available_in_all_stores": false, "is_batch_item": false}
{"id": 20355, "name": "KIDS SMOOTHIE", "underline": "600 ML. / INNOCENT, JORDBÆR, HINDBÆR & ÆBLE", "age_limit": null, "hazard_precaution_statements": [], "labels": [], "description": null, "info": "", "images": [{"small": "https://rema-product-images.digital.rema1000.dk/20355/1-small-A5qV4NMPaQ.webp", "medium": "https://rema-product-images.digital.rema1000.dk/20355/1-medium-A5qV4NMPaQ.webp", "large": "https://rema-product-images.digital.rema1000.dk/20355/1-large-A5qV4NMPaQ.webp"}], "prices": [{"price": 22, "price_over_max_quantity": null, "max_quantity": null, "is_advertised": false, "is_campaign": true, "starting_at": "2025-08-07T00:00:00+00:00", "ending_at": "2025-09-03T00:00:00+00:00", "deposit": null, "compare_unit": "ltr", "compare_unit_price": 36.67, "consumption_unit": null, "consumption_quantity": null}], "temperature_zone": "refrigerated_5_degrees_celsius", "is_self_scale_item": false, "is_weight_item": false, "is_available_in_all_stores": false, "is_batch_item": false}
{"id": 20364, "name": "PROTEIN DRIK", "underline": "500 GR. / ARLA, VANILJE SMAG", "age_limit": null, "hazard_precaution_statements": [], "labels": [{"id": 37, "name": "Laktose fri", "image": "https://static-assets.digital.rema1000.dk/product/labels/37-64.webp"}], "description": null, "info": "", "images": [{"small": "https://rema-product-images.digital.rema1000.dk/20364/1-small-AKqeGNYPp1.webp", "medium": "https://rema-product-images.digital.rema1000.dk/20364/1-medium-AKqeGNYPp1.webp", "large": "https://rema-product-images.digital.rema1000.dk/20364/1-large-AKqeGNYPp1.webp"}], "prices": [{"price": 17.95, "price_over_max_quantity": null, "max_quantity": null, "is_advertised": false, "is_campaign": false, "starting_at": "2025-01-30T00:00:00+00:00", "ending_at": "2099-12-31T00:00:00+00:00", "deposit": null, "compare_unit": "kg", "compare_unit_price": 35.9, "consumption_unit": null, "consumption_quantity": null}], "temperature_zone": "refrigerated_5_degrees_celsius", "is_self_scale_item": false, "is_weight_item": false, "is_available_in_all_stores": false, "is_batch_item": false}
{"id": 20366, "name": "TRIPLESHOT ESPRESSO", "underline": "300 ML. / STARBUCKS", "age_limit": null, "hazard_precaution_statements": [], "labels": [], "description": null, "info": "", "images": [{"small": "https://rema-product-images.digital.rema1000.dk/20366/1-small-pyozVAwoXn.webp", "medium": "https://rema-product-images.digital.rema1000.dk/20366/1-medium-pyozVAwoXn.webp", "large": "https://rema-product-images.digital.rema1000.dk/20366/1-large-pyozVAwoXn.webp"}], "prices": [{"price": 20.5, "price_over_max_quantity": null, "max_quantity": null, "is_advertised": false, "is_campaign": true, "starting_at": "2025-08-17T00:00:00+00:00", "ending_at": "2025-08-23T00:00:00+00:00", "deposit": null, "compare_unit": "ltr", "compare_unit_price": 68.33, "consumption_unit": null, "consumption_quantity": null}, {"price": 20.95, "price_over_max_quantity": null, "max_quantity": null, "is_advertised": false, "is_campaign": false, "starting_at": "2025-08-24T00:00:00+00:00", "ending_at": "2099-12-31T00:00:00+00:00", "deposit": null, "compare_unit": "ltr", "compare_unit_price": 69.83, "consumption_unit": null, "consumption_quantity": null}], "temperature_zone": "refrigerated_5_degrees_celsius", "is_self_scale_item": false, "is_weight_item": false, "is_available_in_all_stores": false, "is_batch_item": false}
{"id": 20369, "name": "FRAICHE 9%", "underline": "190 GR. / GRAM SLOT", "age_limit": null, "hazard_precaution_statements": [], "labels": [{"id": 5, "name": "Økologi", "image": "https://static-assets.digital.rema1000.dk/product/labels/5-64.webp"}, {"id": 6, "name": "Økologi", "image": "https://static-assets.digital.rema1000.dk/product/labels/6-64.webp"}, {"id": 39, "name": "Gram slot", "image": "https://static-assets.digital.rema1000.dk/product/labels/39-64.webp"}, {"id": 203, "name": "Bedre dyrevelfærd 3", "image": "https://static-assets.digital.rema1000.dk/product/labels/203-64.webp"}], "description": "<br /> REMA 1000 er medejer af et af Danmarks største økologiske landbrug, Gram Slot, som dagligt leverer bl.a. økologisk mælk, kartofler, mel og havregryn til REMA 1000s butikker.<br /> <br /> På Gram Slot er dyrevelfærd i højsædet, ligesom Jorden ved Gram Slot dyrkes med stor respekt og omtanke. Køerne ved Gram Slot er på græs hele sommeren. I kløvergræsset på markerne er der sået urter, som indeholder æteriske olier og er rige på mineraler. Vi driver markerne på denne måde, fordi urterne giver køerne et varieret, velsmagende foder.<br /> <br />", "info": "", "images": [{"small": "https://rema-product-images.digital.rema1000.dk/20369/1-small-Ea91EKR9zY.webp", "medium": "https://rema-product-images.digital.rema1000.dk/20369/1-medium-Ea91EKR9zY.webp", "large": "https://rema-product-images.digital.rema1000.dk/20369/1-large-Ea91EKR9zY.webp"}], "prices": [{"price": 14.5, "price_over_max_quantity": null, "max_quantity": null, "is_advertised": false, "is_campaign": false, "starting_at": "2025-01-30T00:00:00+00:00", "ending_at": "2099-12-31T00:00:00+00:00", "deposit": null, "compare_unit": "kg", "compare_unit_price": 76.32, "consumption_unit": null, "consumption_quantity": null}], "temperature_zone": "refrigerated_5_degrees_celsius", "is_self_scale_item": false, "is_weight_item": false, "is_available_in_all_stores": false, "is_batch_item": false}
{"id": 20370, "name": "CREME FRAICHE 38%", "underline": "190 GR. / GRAM SLOT, ØKOLOGISK", "age_limit": null, "hazard_precaution_statements": [], "labels": [{"id": 5, "name": "Økologi", "image": "https://static-assets.digital.rema1000.dk/product/labels/5-64.webp"}, {"id": 6, "name": "Økologi", "image": "https://static-assets.digital.rema1000.dk/product/labels/6-64.webp"}, {"id": 39, "name": "Gram slot", "image": "https://static-assets.digital.rema1000.dk/product/labels/39-64.webp"}, {"id": 203, "name": "Bedre dyrevelfærd 3", "image": "https://static-assets.digital.rema1000.dk/product/labels/203-64.webp"}], "description": "<br /> REMA 1000 er medejer af et af Danmarks største økologiske landbrug, Gram Slot, som dagligt leverer bl.a. økologisk mælk, kartofler, mel og havregryn til REMA 1000s butikker.<br /> <br /> På Gram Slot er dyrevelfærd i højsædet, ligesom Jorden ved Gram Slot dyrkes med stor respekt og omtanke. Køerne ved Gram Slot er på græs hele sommeren. I kløvergræsset på markerne er der sået urter, som indeholder æteriske olier og er rige på mineraler. Vi driver markerne på denne måde, fordi urterne giver køerne et varieret, velsmagende foder.<br /> <br />", "info": "", "images": [{"small": "https://rema-product-images.digital.rema1000.dk/20370/1-small-kOq3vVNo63.webp", "medium": "https://rema-product-images.digital.rema1000.dk/20370/1-medium-kOq3vVNo63.webp", "large": "https://rema-product-images.digital.rema1000.dk/20370/1-large-kOq3vVNo63.webp"}], "prices": [{"price": 16.95, "price_over_max_quantity": null, "max_quantity": null, "is_advertised": false, "is_campaign": false, "starting_at": "2025-01-30T00:00:00+00:00", "ending_at": "2099-12-31T00:00:00+00:00", "deposit": null, "compare_unit": "kg", "compare_unit_price": 89.21, "consumption_unit": null, "consumption_quantity": null}], "temperature_zone": "refrigerated_5_degrees_celsius", "is_self_scale_item": false, "is_weight_item": false, "is_available_in_all_stores": true, "is_batch_item": false}
{"id": 20380, "name": "HINDBÆR DRIKKEYOGHURT", "underline": "330 ML. / GRAM SLOT, ØKOLOGISK", "age_limit": null, "hazard_precaution_statements": [], "labels": [{"id": 5, "name": "Økologi", "image": "https://static-assets.digital.rema1000.dk/product/labels/5-64.webp"}, {"id": 6, "name": "Økologi", "image": "https://static-assets.digital.rema1000.dk/product/labels/6-64.webp"}, {"id": 39, "name": "Gram slot", "image": "https://static-assets.digital.rema1000.dk/product/labels/39-64.webp"}, {"id": 203, "name": "Bedre dyrevelfærd 3", "image": "https://static-assets.digital.rema1000.dk/product/labels/203-64.webp"}], "description": "<br /> REMA 1000 er medejer af et af Danmarks største økologiske landbrug, Gram Slot, som dagligt leverer bl.a. økologisk mælk, kartofler, mel og havregryn til REMA 1000s butikker.<br /> <br /> På Gram Slot er dyrevelfærd i højsædet, ligesom Jorden ved Gram Slot dyrkes med stor respekt og omtanke. Køerne ved Gram Slot er på græs hele sommeren. I kløvergræsset på markerne er der sået urter, som indeholder æteriske olier og er rige på mineraler. Vi driver markerne på denne måde, fordi urterne giver køerne et varieret, velsmagende foder.<br /> <br /> Denne økologiske drikkeyoghurt er lavet af mælk fra Gram Slot. Vi har kælet for smagen ved at tilsætte økologisk hindbærpuré, som giver drikkeyoghurten en god smag af hindbær.<br /> <br />", "info": "", "images": [{"small": "https://rema-product-images.digital.rema1000.dk/20380/1-small-7doLAyKq6r.webp", "medium": "https://rema-product-images.digital.rema1000.dk/20380/1-medium-7doLAyKq6r.webp", "large": "https://rema-product-images.digital.rema1000.dk/20380/1-large-7doLAyKq6r.webp"}], "prices": [{"price": 14.95, "price_over_max_quantity": null, "max_quantity": null, "is_advertised": false, "is_campaign": false, "starting_at": "2025-01-30T00:00:00+00:00", "ending_at": "2099-12-31T00:00:00+00:00", "deposit": null, "compare_unit": "ltr", "compare_unit_price": 45.3, "consumption_unit": null, "consumption_quantity": null}], "temperature_zone": "refrigerated_5_degrees_celsius", "is_self_scale_item": false, "is_weight_item": false, "is_available_in_all_stores": true, "is_batch_item": false}
{"id": 20385, "name": "SKYR VANILJE", "underline": "450 GR. / GRAM SLOT, ØKOLOGISK", "age_limit": null, "hazard_precaution_statements": [], "labels": [{"id": 5, "name": "Økologi", "image": "https://static-assets.digital.rema1000.dk/product/labels/5-64.webp"}, {"id": 6, "name": "Økologi", "image": "https://static-assets.digital.rema1000.dk/product/labels/6-64.webp"}, {"id": 37, "name": "Laktose fri", "image": "https://static-assets.digital.rema1000.dk/product/labels/37-64.webp"}, {"id": 39, "name": "Gram slot", "image": "https://static-assets.digital.rema1000.dk/product/labels/39-64.webp"}, {"id": 203, "name": "Bedre dyrevelfærd 3", "image": "https://static-assets.digital.rema1000.dk/product/labels/203-64.webp"}], "description": "<br /> REMA 1000 er medejer af et af Danmarks største økologiske landbrug, Gram Slot, som dagligt leverer bl.a. økologisk mælk, kartofler, mel og havregryn til REMA 1000s butikker.<br /> <br /> På Gram Slot er dyrevelfærd i højsædet, ligesom Jorden ved Gram Slot dyrkes med stor respekt og omtanke. Køerne ved Gram Slot er på græs hele sommeren. I kløvergræsset på markerne er der sået urter, som indeholder æteriske olier og er rige på mineraler. Vi driver markerne på denne måde, fordi urterne giver køerne et varieret, velsmagende foder.<br /> <br /> Denne skyr er lavet af mælk fra Gram Slot. Vi har kælet for denne skyr ved at tilsætte en god smag af vanilje.<br /> <br />", "info": "", "images": [{"small": "https://rema-product-images.digital.rema1000.dk/20385/1-small-we9Eey89gp.webp", "medium": "https://rema-product-images.digital.rema1000.dk/20385/1-medium-we9Eey89gp.webp", "large": "https://rema-product-images.digital.rema1000.dk/20385/1-large-we9Eey89gp.webp"}], "prices": [{"price": 19.95, "price_over_max_quantity": null, "max_quantity": null, "is_advertised": false, "is_campaign": false, "starting_at": "2024-09-26T00:00:00+00:00", "ending_at": "2025-08-23T00:00:00+00:00", "deposit": null, "compare_unit": "kg", "compare_unit_price": 44.33, "consumption_unit": null, "consumption_quantity": null}], "temperature_zone": "refrigerated_5_degrees_celsius", "is_self_scale_item": false, "is_weight_item": false, "is_available_in_all_stores": true, "is_batch_item": false}
{"id": 20386, "name": "SKYR HINDBÆR", "underline": "450 GR. / GRAM SLOT, ØKOLOGISK", "age_limit": null, "hazard_precaution_statements": [], "labels": [{"id": 5, "name": "Økologi", "image": "https://static-assets.digital.rema1000.dk/product/labels/5-64.webp"}, {"id": 6, "name": "Økologi", "image": "https://static-assets.digital.rema1000.dk/product/labels/6-64.webp"}, {"id": 37, "name": "Laktose fri", "image": "https://static-assets.digital.rema1000.dk/product/labels/37-64.webp"}, {"id": 39, "name": "Gram slot", "image": "https://static-assets.digital.rema1000.dk/product/labels/39-64.webp"}, {"id": 203, "name": "Bedre dyrevelfærd 3", "image": "https://static-assets.digital.rema1000.dk/product/labels/203-64.webp"}], "description": "<br /> REMA 1000 er medejer af et af Danmarks største økologiske landbrug, Gram Slot, som dagligt leverer bl.a. økologisk mælk, kartofler, mel og havregryn til REMA 1000s butikker.<br /> <br /> På Gram Slot er dyrevelfærd i højsædet, ligesom Jorden ved Gram Slot dyrkes med stor respekt og omtanke. Køerne ved Gram Slot er på græs hele sommeren. I kløvergræsset på markerne er der sået urter, som indeholder æteriske olier og er rige på mineraler. Vi driver markerne på denne måde, fordi urterne giver køerne et varieret, velsmagende foder.<br /> <br /> Denne skyr er lavet af mælk fra Gram Slot. Vi har kælet for smagen ved at tilsætte bl.a. økologisk hindbærpuré, som giver denne skyr en god smag af hindbær.<br /> <br />", "info": "", "images": [{"small": "https://rema-product-images.digital.rema1000.dk/20386/1-small-A4Pyye7PLV.webp", "medium": "https://rema-product-images.digital.rema1000.dk/20386/1-medium-A4Pyye7PLV.webp", "large": "https://rema-product-images.digital.rema1000.dk/20386/1-large-A4Pyye7PLV.webp"}], "prices": [{"price": 19.95, "price_over_max_quantity": null, "max_quantity": null, "is_advertised": false, "is_campaign": false, "starting_at": "2024-09-26T00:00:00+00:00", "ending_at": "2025-08-23T00:00:00+00:00", "deposit": null, "compare_unit": "kg", "compare_unit_price": 44.33, "consumption_unit": null, "consumption_quantity": null}], "temperature_zone": "refrigerated_5_degrees_celsius", "is_self_scale_item": false, "is_weight_item": false, "is_available_in_all_stores": true, "is_batch_item": false}
{"id": 20387, "name": "SKYR NATUREL", "underline": "450 GR. / GRAM SLOT, ØKOLOGISK", "age_limit": null, "hazard_precaution_statements": [], "labels": [{"id": 5, "name": "Økologi", "image": "https://static-assets.digital.rema1000.dk/product/labels/5-64.webp"}, {"id": 6, "name": "Økologi", "image": "https://static-assets.digital.rema1000.dk/product/labels/6-64.webp"}, {"id": 37, "name": "Laktose fri", "image": "https://static-assets.digital.rema1000.dk/product/labels/37-64.webp"}, {"id": 39, "name": "Gram slot", "image": "https://static-assets.digital.rema1000.dk/product/labels/39-64.webp"}, {"id": 40, "name": "Nøglehul", "image": "https://static-assets.digital.rema1000.dk/product/labels/40-64.webp"}, {"id": 203, "name": "Bedre dyrevelfærd 3", "image": "https://static-assets.digital.rema1000.dk/product/labels/203-64.webp"}], "description": "<br /> REMA 1000 er medejer af et af Danmarks største økologiske landbrug, Gram Slot, som dagligt leverer bl.a. økologisk mælk, kartofler, mel og havregryn til REMA 1000s butikker.<br /> <br /> På Gram Slot er dyrevelfærd i højsædet, ligesom Jorden ved Gram Slot dyrkes med stor respekt og omtanke. Køerne ved Gram Slot er på græs hele sommeren. I kløvergræsset på markerne er der sået urter, som indeholder æteriske olier og er rige på mineraler. Vi driver markerne på denne måde, fordi urterne giver køerne et varieret, velsmagende foder.<br /> <br /> Denne skyr er lavet af mælk fra Gram Slot.<br /> <br />", "info": "", "images": [{"small": "https://rema-product-images.digital.rema1000.dk/20387/1-small-dyomb7QqVm.webp", "medium": "https://rema-product-images.digital.rema1000.dk/20387/1-medium-dyomb7QqVm.webp", "large": "https://rema-product-images.digital.rema1000.dk/20387/1-large-dyomb7QqVm.webp"}], "prices": [{"price": 17.95, "price_over_max_quantity": null, "max_quantity": null, "is_advertised": false, "is_campaign": false, "starting_at": "2024-09-26T00:00:00+00:00", "ending_at": "2025-08-23T00:00:00+00:00", "deposit": null, "compare_unit": "kg", "compare_unit_price": 39.89, "consumption_unit": null, "consumption_quantity": null}], "temperature_zone": "refrigerated_5_degrees_celsius", "is_self_scale_item": false, "is_weight_item": false, "is_available_in_all_stores": true, "is_batch_item": false}
{"id": 20396, "name": "CREAMY SKYR", "underline": "180 GR. / STAY STRONG, JORDBÆR-/LIMESMAG & GRANOLA", "age_limit": null, "hazard_precaution_statements": [], "labels": [{"id": 37, "name": "Laktose fri", "image": "https://static-assets.digital.rema1000.dk/product/labels/37-64.webp"}], "description": null, "info": "", "images": [{"small": "https://rema-product-images.digital.rema1000.dk/20396/1-small-NpP7Ay5qOl.webp", "medium": "https://rema-product-images.digital.rema1000.dk/20396/1-medium-NpP7Ay5qOl.webp", "large": "https://rema-product-images.digital.rema1000.dk/20396/1-large-NpP7Ay5qOl.webp"}], "prices": [{"price": 9.95, "price_over_max_quantity": null, "max_quantity": null, "is_advertised": false, "is_campaign": false, "starting_at": "2024-01-11T00:00:00+00:00", "ending_at": "2099-12-31T00:00:00+00:00", "deposit": null, "compare_unit": "kg", "compare_unit_price": 55.28, "consumption_unit": null, "consumption_quantity": null}], "temperature_zone": "refrigerated_5_degrees_celsius", "is_self_scale_item": false, "is_weight_item": false, "is_available_in_all_stores": false, "is_batch_item": false}
{"id": 204110, "name": "CARLSBERG 47 7%", "underline": "50 CL.", "age_limit": 18, "hazard_precaution_statements": [], "labels": [], "description": null, "info": "", "images": [{"small": "https://rema-product-images.digital.rema1000.dk/204110/1-small-Al903xBnq8.webp", "medium": "https://rema-product-images.digital.rema1000.dk/204110/1-medium-Al903xBnq8.webp", "large": "https://rema-product-images.digital.rema1000.dk/204110/1-large-Al903xBnq8.webp"}], "prices": [{"price": 18.25, "price_over_max_quantity": null, "max_quantity": null, "is_advertised": false, "is_campaign": false, "starting_at": "2025-01-02T00:00:00+00:00", "ending_at": "2099-12-31T00:00:00+00:00", "deposit": 1, "compare_unit": "ltr", "compare_unit_price": 36.5, "consumption_unit": null, "consumption_quantity": null}], "temperature_zone": null, "is_self_scale_item": false, "is_weight_item": false, "is_available_in_all_stores": true, "is_batch_item": false}
{"id": 204130, "name": "GRØN TUBORG", "underline": "33 CL. / 0,0%", "age_limit": null, "hazard_precaution_statements": [], "labels": [], "description": null, "info": "", "images": [{"small": "https://rema-product-images.digital.rema1000.dk/204130/1-small-869D6mZYoM.webp", "medium": "https://rema-product-images.digital.rema1000.dk/204130/1-medium-869D6mZYoM.webp", "large": "https://rema-product-images.digital.rema1000.dk/204130/1-large-869D6mZYoM.webp"}], "prices": [{"price": 6.6, "price_over_max_quantity": null, "max_quantity": null, "is_advertised": false, "is_campaign": false, "starting_at": "2025-01-02T00:00:00+00:00", "ending_at": "2025-09-06T00:00:00+00:00", "deposit": 1, "compare_unit": "ltr", "compare_unit_price": 20, "consumption_unit": null, "consumption_quantity": null}], "temperature_zone": null, "is_self_scale_item": false, "is_weight_item": false, "is_available_in_all_stores": false, "is_batch_item": false}
{"id": 204134, "name": "TUBORG", "underline": "33 CL. / CLASSIC 0,0%", "age_limit": null, "hazard_precaution_statements": [], "labels": [{"id": 9001, "name": "Avisvare", "image": "https://static-assets.digital.rema1000.dk/product/labels/9001-64.webp"}], "description": null, "info": "", "images": [{"small": "https://rema-product-images.digital.rema1000.dk/204134/1-small-yLqGj03rod.webp", "medium": "https://rema-product-images.digital.rema1000.dk/204134/1-medium-yLqGj03rod.webp", "large": "https://rema-product-images.digital.rema1000.dk/204134/1-large-yLqGj03rod.webp"}], "prices": [{"price": 4.5, "price_over_max_quantity": 7.25, "max_quantity": 72, "is_advertised": true, "is_campaign": true, "starting_at": "2025-08-17T00:00:00+00:00", "ending_at": "2025-08-23T00:00:00+00:00", "deposit": 1, "compare_unit": "ltr", "compare_unit_price": 13.64, "consumption_unit": null, "consumption_quantity": null}, {"price": 7.25, "price_over_max_quantity": null, "max_quantity": null, "is_advertised": false, "is_campaign": false, "starting_at": "2025-08-24T00:00:00+00:00", "ending_at": "2025-11-15T00:00:00+00:00", "deposit": 1, "compare_unit": "ltr", "compare_unit_price": 21.97, "consumption_unit": null, "consumption_quantity": null}], "temperature_zone": null, "is_self_scale_item": false, "is_weight_item": false, "is_available_in_all_stores": true, "is_batch_item": true}
{"id": 204135, "name": "TUBORG 6 PAK", "underline": "1.98 LTR. / CLASSIC 0,0%", "age_limit": null, "hazard_precaution_statements": [], "labels": [{"id": 9001, "name": "Avisvare", "image": "https://static-assets.digital.rema1000.dk/product/labels/9001-64.webp"}], "description": null, "info": "", "images": [{"small": "https://rema-product-images.digital.rema1000.dk/204135/1-small-Gb9k6XDDq7.webp", "medium": "https://rema-product-images.digital.rema1000.dk/204135/1-medium-Gb9k6XDDq7.webp", "large": "https://rema-product-images.digital.rema1000.dk/204135/1-large-Gb9k6XDDq7.webp"}], "prices": [{"price": 27, "price_over_max_quantity": 43.5, "max_quantity": 12, "is_advertised": true, "is_campaign": true, "starting_at": "2025-08-17T00:00:00+00:00", "ending_at": "2025-08-23T00:00:00+00:00", "deposit": 6, "compare_unit": "ltr", "compare_unit_price": 13.64, "consumption_unit": null, "consumption_quantity": null}, {"price": 43.5, "price_over_max_quantity": null, "max_quantity": null, "is_advertised": false, "is_campaign": false, "starting_at": "2025-08-24T00:00:00+00:00", "ending_at": "2025-11-15T00:00:00+00:00", "deposit": 6, "compare_unit": "ltr", "compare_unit_price": 21.97, "consumption_unit": null, "consumption_quantity": null}], "temperature_zone": null, "is_self_scale_item": false, "is_weight_item": false, "is_available_in_all_stores": true, "is_batch_item": true}
{"id": 20426, "name": "KIRSEBÆR YOGHURT 1,3%", "underline": "1 KG. / YOGGI", "age_limit": null, "hazard_precaution_statements": [], "labels": [], "description": null, "info": "", "images": [{"small": "https://rema-product-images.digital.rema1000.dk/20426/1-small-kOq3vwvo63.webp", "medium": "https://rema-product-images.digital.rema1000.dk/20426/1-medium-kOq3vwvo63.webp", "large": "https://rema-product-images.digital.rema1000.dk/20426/1-large-kOq3vwvo63.webp"}], "prices": [{"price": 21.95, "price_over_max_quantity": null, "max_quantity": null, "is_advertised": false, "is_campaign": false, "starting_at": "2025-01-30T00:00:00+00:00", "ending_at": "2099-12-31T00:00:00+00:00", "deposit": null, "compare_unit": "kg", "compare_unit_price": 21.95, "consumption_unit": null, "consumption_quantity": null}], "temperature_zone": "refrigerated_5_degrees_celsius", "is_self_scale_item": false, "is_weight_item": false, "is_available_in_all_stores": false, "is_batch_item": false}
{"id": 20473, "name": "PROTEIN TO GO", "underline": "500 ML. / ARLA, SMAG AF CHOKOLADE KARAMEL", "age_limit": null, "hazard_precaution_statements": [], "labels": [], "description": null, "info": "", "images": [{"small": "https://rema-product-images.digital.rema1000.dk/20473/1-small-pYqxVpGP1L.webp", "medium": "https://rema-product-images.digital.rema1000.dk/20473/1-medium-pYqxVpGP1L.webp", "large": "https://rema-product-images.digital.rema1000.dk/20473/1-large-pYqxVpGP1L.webp"}], "prices": [{"price": 24.95, "price_over_max_quantity": null, "max_quantity": null, "is_advertised": false, "is_campaign": false, "starting_at": "2024-11-18T00:00:00+00:00", "ending_at": "2099-12-31T00:00:00+00:00", "deposit": null, "compare_unit": "ltr", "compare_unit_price": 49.9, "consumption_unit": null, "consumption_quantity": null}], "temperature_zone": "refrigerated_5_degrees_celsius", "is_self_scale_item": false, "is_weight_item": false, "is_available_in_all_stores": false, "is_batch_item": false}
{"id": 20494, "name": "LETMÆLK 1,5% FEDT", "underline": "1 LTR. / REMA 1000", "age_limit": null, "hazard_precaution_statements": [], "labels": [{"id": 2, "name": "REMA1000", "image": "https://static-assets.digital.rema1000.dk/product/labels/2-64.webp"}, {"id": 70, "name": "Dansk", "image": "https://static-assets.digital.rema1000.dk/product/labels/70-64.webp"}, {"id": 201, "name": "Bedre dyrevelfærd 1", "image": "https://static-assets.digital.rema1000.dk/product/labels/201-64.webp"}], "description": null, "info": "", "images": [{"small": "https://rema-product-images.digital.rema1000.dk/20494/1-small-vVor4VW93z.webp", "medium": "https://rema-product-images.digital.rema1000.dk/20494/1-medium-vVor4VW93z.webp", "large": "https://rema-product-images.digital.rema1000.dk/20494/1-large-vVor4VW93z.webp"}], "prices": [{"price": 12.5, "price_over_max_quantity": null, "max_quantity": null, "is_advertised": false, "is_campaign": false, "starting_at": "2025-01-30T00:00:00+00:00", "ending_at": "2099-12-31T00:00:00+00:00", "deposit": null, "compare_unit": "ltr", "compare_unit_price": 12.5, "consumption_unit": null, "consumption_quantity": null}], "temperature_zone": "refrigerated_5_degrees_celsius", "is_self_scale_item": false, "is_weight_item": false, "is_available_in_all_stores": true, "is_batch_item": false}
{"id": 20758, "name": "LETMÆLK", "underline": "250 ML. / ARLA", "age_limit": null, "hazard_precaution_statements": [], "labels": [], "description": null, "info": "", "images": [{"small": "https://rema-product-images.digital.rema1000.dk/20758/1-small-3MovVxLoAb.webp", "medium": "https://rema-product-images.digital.rema1000.dk/20758/1-medium-3MovVxLoAb.webp", "large": "https://rema-product-images.digital.rema1000.dk/20758/1-large-3MovVxLoAb.webp"}], "prices": [{"price": 3.95, "price_over_max_quantity": null, "max_quantity": null, "is_advertised": false, "is_campaign": false, "starting_at": "2025-01-30T00:00:00+00:00", "ending_at": "2099-12-31T00:00:00+00:00", "deposit": null, "compare_unit": "ltr", "compare_unit_price": 15.8, "consumption_unit": null, "consumption_quantity": null}], "temperature_zone": "refrigerated_5_degrees_celsius", "is_self_scale_item": false, "is_weight_item": false, "is_available_in_all_stores": false, "is_batch_item": false}
{"id": 20785, "name": "CREME FRISK 18%", "underline": "180 GR. / NATURLI'", "age_limit": null, "hazard_precaution_statements": [], "labels": [], "description": null, "info": "", "images": [{"small": "https://rema-product-images.digital.rema1000.dk/20785/1-small-we9EeN79gp.webp", "medium": "https://rema-product-images.digital.rema1000.dk/20785/1-medium-we9EeN79gp.webp", "large": "https://rema-product-images.digital.rema1000.dk/20785/1-large-we9EeN79gp.webp"}], "prices": [{"price": 12.95, "price_over_max_quantity": null, "max_quantity": null, "is_advertised": false, "is_campaign": false, "starting_at": "2025-02-26T00:00:00+00:00", "ending_at": "2099-12-31T00:00:00+00:00", "deposit": null, "compare_unit": "kg", "compare_unit_price": 71.94, "consumption_unit": null, "consumption_quantity": null}], "temperature_zone": "refrigerated_5_degrees_celsius", "is_self_scale_item": false, "is_weight_item": false, "is_available_in_all_stores": false, "is_batch_item": false}
{"id": 20794, "name": "BARISTA HAVREDRIK", "underline": "1 LTR. / ARLA JÖRD", "age_limit": null, "hazard_precaution_statements": [], "labels": [], "description": null, "info": "", "images": [{"small": "https://rema-product-images.digital.rema1000.dk/20794/1-small-vVor45v93z.webp", "medium": "https://rema-product-images.digital.rema1000.dk/20794/1-medium-vVor45v93z.webp", "large": "https://rema-product-images.digital.rema1000.dk/20794/1-large-vVor45v93z.webp"}], "prices": [{"price": 17.95, "price_over_max_quantity": null, "max_quantity": null, "is_advertised": false, "is_campaign": false, "starting_at": "2025-01-30T00:00:00+00:00", "ending_at": "2099-12-31T00:00:00+00:00", "deposit": null, "compare_unit": "ltr", "compare_unit_price": 17.95, "consumption_unit": null, "consumption_quantity": null}], "temperature_zone": "refrigerated_5_degrees_celsius", "is_self_scale_item": false, "is_weight_item": false, "is_available_in_all_stores": false, "is_batch_item": false}
{"id": 20804, "name": "MANDELDRIK", "underline": "1 LTR. / NATURLI', ØKOLOGISK", "age_limit": null, "hazard_precaution_statements": [], "labels": [{"id": 5, "name": "Økologi", "image": "https://static-assets.digital.rema1000.dk/product/labels/5-64.webp"}, {"id": 6, "name": "Økologi", "image": "https://static-assets.digital.rema1000.dk/product/labels/6-64.webp"}, {"id": 40, "name": "Nøglehul", "image": "https://static-assets.digital.rema1000.dk/product/labels/40-64.webp"}], "description": null, "info": "", "images": [{"small": "https://rema-product-images.digital.rema1000.dk/20804/1-small-OJq5ANKqpr.webp", "medium": "https://rema-product-images.digital.rema1000.dk/20804/1-medium-OJq5ANKqpr.webp", "large": "https://rema-product-images.digital.rema1000.dk/20804/1-large-OJq5ANKqpr.webp"}], "prices": [{"price": 17.95, "price_over_max_quantity": null, "max_quantity": null, "is_advertised": false, "is_campaign": false, "starting_at": "2024-08-15T00:00:00+00:00", "ending_at": "2025-08-30T00:00:00+00:00", "deposit": null, "compare_unit": "ltr", "compare_unit_price": 17.95, "consumption_unit": null, "consumption_quantity": null}], "temperature_zone": "refrigerated_5_degrees_celsius", "is_self_scale_item": false, "is_weight_item": false, "is_available_in_all_stores": false, "is_batch_item": false}
{"id": 20805, "name": "HAVRE KAKAO DRIK", "underline": "1 LTR. / NATURLI', ØKOLOGISK", "age_limit": null, "hazard_precaution_statements": [], "labels": [{"id": 5, "name": "Økologi", "image": "https://static-assets.digital.rema1000.dk/product/labels/5-64.webp"}, {"id": 6, "name": "Økologi", "image": "https://static-assets.digital.rema1000.dk/product/labels/6-64.webp"}], "description": null, "info": "", "images": [{"small": "https://rema-product-images.digital.rema1000.dk/20805/1-small-xQq8pNnqZd.webp", "medium": "https://rema-product-images.digital.rema1000.dk/20805/1-medium-xQq8pNnqZd.webp", "large": "https://rema-product-images.digital.rema1000.dk/20805/1-large-xQq8pNnqZd.webp"}], "prices": [{"price": 17.95, "price_over_max_quantity": null, "max_quantity": null, "is_advertised": false, "is_campaign": false, "starting_at": "2024-04-16T00:00:00+00:00", "ending_at": "2025-08-30T00:00:00+00:00", "deposit": null, "compare_unit": "ltr", "compare_unit_price": 17.95, "consumption_unit": null, "consumption_quantity": null}], "temperature_zone": "refrigerated_5_degrees_celsius", "is_self_scale_item": false, "is_weight_item": false, "is_available_in_all_stores": false, "is_batch_item": false}
{"id": 20861, "name": "PROTEIN SKYRDRIK", "underline": "330 ML. / STAY STRONG, MED SMAG KOLDSKÅL & KAMMERJUNKERE", "age_limit": null, "hazard_precaution_statements": [], "labels": [{"id": 37, "name": "Laktose fri", "image": "https://static-assets.digital.rema1000.dk/product/labels/37-64.webp"}], "description": null, "info": "", "images": [{"small": "https://rema-product-images.digital.rema1000.dk/20861/1-small-Z8qpvDAP3N.webp", "medium": "https://rema-product-images.digital.rema1000.dk/20861/1-medium-Z8qpvDAP3N.webp", "large": "https://rema-product-images.digital.rema1000.dk/20861/1-large-Z8qpvDAP3N.webp"}], "prices": [{"price": 12.95, "price_over_max_quantity": null, "max_quantity": null, "is_advertised": false, "is_campaign": false, "starting_at": "2025-06-26T00:00:00+00:00", "ending_at": "2099-12-31T00:00:00+00:00", "deposit": null, "compare_unit": "ltr", "compare_unit_price": 39.24, "consumption_unit": null, "consumption_quantity": null}], "temperature_zone": "refrigerated_5_degrees_celsius", "is_self_scale_item": false, "is_weight_item": false, "is_available_in_all_stores": false, "is_batch_item": false}
{"id": 20862, "name": "BANOFFEE PIE", "underline": "150 GR. / STAY STRONG PRO CREAMY SKYR", "age_limit": null, "hazard_precaution_statements": [], "labels": [{"id": 37, "name": "Laktose fri", "image": "https://static-assets.digital.rema1000.dk/product/labels/37-64.webp"}], "description": null, "info": "", "images": [{"small": "https://rema-product-images.digital.rema1000.dk/20862/1-small-2B94v5MokM.webp", "medium": "https://rema-product-images.digital.rema1000.dk/20862/1-medium-2B94v5MokM.webp", "large": "https://rema-product-images.digital.rema1000.dk/20862/1-large-2B94v5MokM.webp"}], "prices": [{"price": 8.95, "price_over_max_quantity": null, "max_quantity": null, "is_advertised": false, "is_campaign": false, "starting_at": "2024-12-19T00:00:00+00:00", "ending_at": "2099-12-31T00:00:00+00:00", "deposit": null, "compare_unit": "kg", "compare_unit_price": 59.67, "consumption_unit": null, "consumption_quantity": null}], "temperature_zone": "refrigerated_5_degrees_celsius", "is_self_scale_item": false, "is_weight_item": false, "is_available_in_all_stores": true, "is_batch_item": false}
{"id": 210013, "name": "BLUE KELD", "underline": "50 CL. / HINDBÆR JORDBÆR", "age_limit": null, "hazard_precaution_statements": [], "labels": [{"id": 31, "name": "Ikke tilsat sukker", "image": "https://static-assets.digital.rema1000.dk/product/labels/31-64.webp"}], "description": null, "info": "", "images": [{"small": "https://rema-product-images.digital.rema1000.dk/210013/1-small-wyPb0O5jqE.webp", "medium": "https://rema-product-images.digital.rema1000.dk/210013/1-medium-wyPb0O5jqE.webp", "large": "https://rema-product-images.digital.rema1000.dk/210013/1-large-wyPb0O5jqE.webp"}], "prices": [{"price": 6.25, "price_over_max_quantity": null, "max_quantity": null, "is_advertised": false, "is_campaign": false, "starting_at": "2025-01-02T00:00:00+00:00", "ending_at": "2099-12-31T00:00:00+00:00", "deposit": 1.5, "compare_unit": "ltr", "compare_unit_price": 12.5, "consumption_unit": null, "consumption_quantity": null}], "temperature_zone": null, "is_self_scale_item": false, "is_weight_item": false, "is_available_in_all_stores": true, "is_batch_item": false}
{"id": 210096, "name": "INDIAN TONIC", "underline": "1 LTR. / NORNIR", "age_limit": null, "hazard_precaution_statements": [], "labels": [], "description": null, "info": "", "images": [{"small": "https://rema-product-images.digital.rema1000.dk/210096/1-small-NpP7OXRMPO.webp", "medium": "https://rema-product-images.digital.rema1000.dk/210096/1-medium-NpP7OXRMPO.webp", "large": "https://rema-product-images.digital.rema1000.dk/210096/1-large-NpP7OXRMPO.webp"}], "prices": [{"price": 6.45, "price_over_max_quantity": null, "max_quantity": null, "is_advertised": false, "is_campaign": false, "starting_at": "2025-01-02T00:00:00+00:00", "ending_at": "2099-12-31T00:00:00+00:00", "deposit": 3, "compare_unit": "ltr", "compare_unit_price": 6.45, "consumption_unit": null, "consumption_quantity": null}], "temperature_zone": null, "is_self_scale_item": false, "is_weight_item": false, "is_available_in_all_stores": true, "is_batch_item": false}
{"id": 210097, "name": "LEMON", "underline": "1 LTR. / NORNIR", "age_limit": null, "hazard_precaution_statements": [], "labels": [], "description": null, "info": "", "images": [{"small": "https://rema-product-images.digital.rema1000.dk/210097/1-small-aboKMDbw9p.webp", "medium": "https://rema-product-images.digital.rema1000.dk/210097/1-medium-aboKMDbw9p.webp", "large": "https://rema-product-images.digital.rema1000.dk/210097/1-large-aboKMDbw9p.webp"}], "prices": [{"price": 6.45, "price_over_max_quantity": null, "max_quantity": null, "is_advertised": false, "is_campaign": false, "starting_at": "2025-01-02T00:00:00+00:00", "ending_at": "2099-12-31T00:00:00+00:00", "deposit": 3, "compare_unit": "ltr", "compare_unit_price": 6.45, "consumption_unit": null, "consumption_quantity": null}], "temperature_zone": null, "is_self_scale_item": false, "is_weight_item": false, "is_available_in_all_stores": true, "is_batch_item": false}
{"id": 210168, "name": "LEMON INGEFÆR", "underline": "33 CL. / EGO", "age_limit": null, "hazard_precaution_statements": [], "labels": [{"id": 5, "name": "Økologi", "image": "https://static-assets.digital.rema1000.dk/product/labels/5-64.webp"}, {"id": 6, "name": "Økologi", "image": "https://static-assets.digital.rema1000.dk/product/labels/6-64.webp"}], "description": null, "info": "", "images": [{"small": "https://rema-product-images.digital.rema1000.dk/210168/1-small-vXodRxBB93.webp", "medium": "https://rema-product-images.digital.rema1000.dk/210168/1-medium-vXodRxBB93.webp", "large": "https://rema-product-images.digital.rema1000.dk/210168/1-large-vXodRxBB93.webp"}], "prices": [{"price": 7, "price_over_max_quantity": null, "max_quantity": null, "is_advertised": false, "is_campaign": false, "starting_at": "2025-02-06T00:00:00+00:00", "ending_at": "2025-09-13T00:00:00+00:00", "deposit": 1, "compare_unit": "ltr", "compare_unit_price": 21.21, "consumption_unit": null, "consumption_quantity": null}], "temperature_zone": null, "is_self_scale_item": false, "is_weight_item": false, "is_available_in_all_stores": false, "is_batch_item": false}
{"id": 210330, "name": "APPELSIN/ABRIKOS", "underline": "1 LTR. / NORNIR", "age_limit": null, "hazard_precaution_statements": [], "labels": [], "description": null, "info": "", "images": [{"small": "https://rema-product-images.digital.rema1000.dk/210330/1-small-869D6D23oM.webp", "medium": "https://rema-product-images.digital.rema1000.dk/210330/1-medium-869D6D23oM.webp", "large": "https://rema-product-images.digital.rema1000.dk/210330/1-large-869D6D23oM.webp"}], "prices": [{"price": 6.45, "price_over_max_quantity": null, "max_quantity": null, "is_advertised": false, "is_campaign": false, "starting_at": "2025-01-02T00:00:00+00:00", "ending_at": "2099-12-31T00:00:00+00:00", "deposit": 3, "compare_unit": "ltr", "compare_unit_price": 6.45, "consumption_unit": null, "consumption_quantity": null}], "temperature_zone": null, "is_self_scale_item": false, "is_weight_item": false, "is_available_in_all_stores": true, "is_batch_item": false}
{"id": 210340, "name": "SHAKER 4%", "underline": "27.5 CL. / ORIGINAL", "age_limit": 16, "hazard_precaution_statements": [], "labels": [], "description": null, "info": "", "images": [{"small": "https://rema-product-images.digital.rema1000.dk/210340/1-small-rQqQpD2Doe.webp", "medium": "https://rema-product-images.digital.rema1000.dk/210340/1-medium-rQqQpD2Doe.webp", "large": "https://rema-product-images.digital.rema1000.dk/210340/1-large-rQqQpD2Doe.webp"}], "prices": [{"price": 14.95, "price_over_max_quantity": null, "max_quantity": null, "is_advertised": false, "is_campaign": false, "starting_at": "2025-03-01T00:00:00+00:00", "ending_at": "2099-12-31T00:00:00+00:00", "deposit": 1, "compare_unit": "ltr", "compare_unit_price": 54.36, "consumption_unit": null, "consumption_quantity": null}], "temperature_zone": null, "is_self_scale_item": false, "is_weight_item": false, "is_available_in_all_stores": true, "is_batch_item": false}
{"id": 210380, "name": "EGO", "underline": "33 CL. / BLODAPPELSIN", "age_limit": null, "hazard_precaution_statements": [], "labels": [{"id": 5, "name": "Økologi", "image": "https://static-assets.digital.rema1000.dk/product/labels/5-64.webp"}, {"id": 6, "name": "Økologi", "image": "https://static-assets.digital.rema1000.dk/product/labels/6-64.webp"}], "description": null, "info": "", "images": [{"small": "https://rema-product-images.digital.rema1000.dk/210380/1-small-7doLwLM1P6.webp", "medium": "https://rema-product-images.digital.rema1000.dk/210380/1-medium-7doLwLM1P6.webp", "large": "https://rema-product-images.digital.rema1000.dk/210380/1-large-7doLwLM1P6.webp"}], "prices": [{"price": 7, "price_over_max_quantity": null, "max_quantity": null, "is_advertised": false, "is_campaign": false, "starting_at": "2025-02-06T00:00:00+00:00", "ending_at": "2025-09-13T00:00:00+00:00", "deposit": 1, "compare_unit": "ltr", "compare_unit_price": 21.21, "consumption_unit": null, "consumption_quantity": null}], "temperature_zone": null, "is_self_scale_item": false, "is_weight_item": false, "is_available_in_all_stores": false, "is_batch_item": false}
{"id": 210381, "name": "EGO 6 PAK", "underline": "1.98 LTR. / BLODAPPELSIN", "age_limit": null, "hazard_precaution_statements": [], "labels": [{"id": 5, "name": "Økologi", "image": "https://static-assets.digital.rema1000.dk/product/labels/5-64.webp"}, {"id": 6, "name": "Økologi", "image": "https://static-assets.digital.rema1000.dk/product/labels/6-64.webp"}], "description": null, "info": "", "images": [{"small": "https://rema-product-images.digital.rema1000.dk/210381/1-small-JzPJvLBbPk.webp", "medium": "https://rema-product-images.digital.rema1000.dk/210381/1-medium-JzPJvLBbPk.webp", "large": "https://rema-product-images.digital.rema1000.dk/210381/1-large-JzPJvLBbPk.webp"}], "prices": [{"price": 42, "price_over_max_quantity": null, "max_quantity": null, "is_advertised": false, "is_campaign": false, "starting_at": "2025-02-06T00:00:00+00:00", "ending_at": "2025-09-13T00:00:00+00:00", "deposit": 6, "compare_unit": "ltr", "compare_unit_price": 21.21, "consumption_unit": null, "consumption_quantity": null}], "temperature_zone": null, "is_self_scale_item": false, "is_weight_item": false, "is_available_in_all_stores": false, "is_batch_item": false}
{"id": 210397, "name": "FAXE KONDI", "underline": "33 CL. / APPELSIN 0 KCAL.", "age_limit": null, "hazard_precaution_statements": [], "labels": [{"id": 9001, "name": "Avisvare", "image": "https://static-assets.digital.rema1000.dk/product/labels/9001-64.webp"}], "description": null, "info": "", "images": [{"small": "https://rema-product-images.digital.rema1000.dk/210397/1-small-aboKMDnJ9p.webp", "medium": "https://rema-product-images.digital.rema1000.dk/210397/1-medium-aboKMDnJ9p.webp", "large": "https://rema-product-images.digital.rema1000.dk/210397/1-large-aboKMDnJ9p.webp"}], "prices": [{"price": 3, "price_over_max_quantity": 6.6, "max_quantity": 72, "is_advertised": true, "is_campaign": true, "starting_at": "2025-08-17T00:00:00+00:00", "ending_at": "2025-08-23T00:00:00+00:00", "deposit": 1, "compare_unit": "ltr", "compare_unit_price": 9.09, "consumption_unit": null, "consumption_quantity": null}, {"price": 4, "price_over_max_quantity": null, "max_quantity": null, "is_advertised": false, "is_campaign": true, "starting_at": "2025-08-24T00:00:00+00:00", "ending_at": "2025-09-02T00:00:00+00:00", "deposit": 1, "compare_unit": "ltr", "compare_unit_price": 12.12, "consumption_unit": null, "consumption_quantity": null}], "temperature_zone": null, "is_self_scale_item": false, "is_weight_item": false, "is_available_in_all_stores": true, "is_batch_item": true}
{"id": 210404, "name": "TONICWATER", "underline": "15 CL. / FEVERTREE", "age_limit": null, "hazard_precaution_statements": [], "labels": [], "description": null, "info": "", "images": [{"small": "https://rema-product-images.digital.rema1000.dk/210404/1-small-OJq5a0JBqp.webp", "medium": "https://rema-product-images.digital.rema1000.dk/210404/1-medium-OJq5a0JBqp.webp", "large": "https://rema-product-images.digital.rema1000.dk/210404/1-large-OJq5a0JBqp.webp"}], "prices": [{"price": 8, "price_over_max_quantity": null, "max_quantity": null, "is_advertised": false, "is_campaign": false, "starting_at": "2025-02-13T00:00:00+00:00", "ending_at": "2099-12-31T00:00:00+00:00", "deposit": 1, "compare_unit": "ltr", "compare_unit_price": 53.33, "consumption_unit": null, "consumption_quantity": null}], "temperature_zone": null, "is_self_scale_item": false, "is_weight_item": false, "is_available_in_all_stores": true, "is_batch_item": false}
{"id": 210422, "name": "POWERADE", "underline": "50 CL. / MOUNTAIN BLAST", "age_limit": null, "hazard_precaution_statements": [], "labels": [], "description": null, "info": "", "images": [{"small": "https://rema-product-images.digital.rema1000.dk/210422/1-small-pyozpykK9X.webp", "medium": "https://rema-product-images.digital.rema1000.dk/210422/1-medium-pyozpykK9X.webp", "large": "https://rema-product-images.digital.rema1000.dk/210422/1-large-pyozpykK9X.webp"}], "prices": [{"price": 15, "price_over_max_quantity": null, "max_quantity": null, "is_advertised": false, "is_campaign": false, "starting_at": "2025-01-02T00:00:00+00:00", "ending_at": "2099-12-31T00:00:00+00:00", "deposit": 1.5, "compare_unit": "ltr", "compare_unit_price": 30, "consumption_unit": null, "consumption_quantity": null}], "temperature_zone": null, "is_self_scale_item": false, "is_weight_item": false, "is_available_in_all_stores": true, "is_batch_item": false}
{"id": 210444, "name": "STATE ENERGY", "underline": "40 CL. / LIME/ORANGE", "age_limit": null, "hazard_precaution_statements": [], "labels": [], "description": "Højt koffeinindhold. Bør ikke indtages af børn eller gravide eller ammende kvinder eller folk, der er overfølsomme overfor koffein ", "info": "", "images": [{"small": "https://rema-product-images.digital.rema1000.dk/210444/1-small-xePwB1NE9w.webp", "medium": "https://rema-product-images.digital.rema1000.dk/210444/1-medium-xePwB1NE9w.webp", "large": "https://rema-product-images.digital.rema1000.dk/210444/1-large-xePwB1NE9w.webp"}], "prices": [{"price": 14.5, "price_over_max_quantity": null, "max_quantity": null, "is_advertised": false, "is_campaign": false, "starting_at": "2023-09-07T00:00:00+00:00", "ending_at": "2099-12-31T00:00:00+00:00", "deposit": 1.5, "compare_unit": "ltr", "compare_unit_price": 36.25, "consumption_unit": null, "consumption_quantity": null}], "temperature_zone": null, "is_self_scale_item": false, "is_weight_item": false, "is_available_in_all_stores": true, "is_batch_item": false}
{"id": 210563, "name": "STATE 6 PAK", "underline": "1.98 LTR. / LEMON LIME ZERO", "age_limit": null, "hazard_precaution_statements": [], "labels": [], "description": null, "info": "", "images": [{"small": "https://rema-product-images.digital.rema1000.dk/210563/1-small-rDq6KVJm9b.webp", "medium": "https://rema-product-images.digital.rema1000.dk/210563/1-medium-rDq6KVJm9b.webp", "large": "https://rema-product-images.digital.rema1000.dk/210563/1-large-rDq6KVJm9b.webp"}], "prices": [{"price": 60, "price_over_max_quantity": null, "max_quantity": null, "is_advertised": false, "is_campaign": false, "starting_at": "2025-02-10T00:00:00+00:00", "ending_at": "2099-12-31T00:00:00+00:00", "deposit": 6, "compare_unit": "ltr", "compare_unit_price": 30.3, "consumption_unit": null, "consumption_quantity": null}], "temperature_zone": null, "is_self_scale_item": false, "is_weight_item": false, "is_available_in_all_stores": false, "is_batch_item": false}
{"id": 210609, "name": "EGO CITRON", "underline": "33 CL. / ØKOLOGISK", "age_limit": null, "hazard_precaution_statements": [], "labels": [{"id": 5, "name": "Økologi", "image": "https://static-assets.digital.rema1000.dk/product/labels/5-64.webp"}, {"id": 6, "name": "Økologi", "image": "https://static-assets.digital.rema1000.dk/product/labels/6-64.webp"}], "description": null, "info": "", "images": [], "prices": [{"price": 7, "price_over_max_quantity": null, "max_quantity": null, "is_advertised": false, "is_campaign": false, "starting_at": "2025-06-27T00:00:00+00:00", "ending_at": "2025-09-13T00:00:00+00:00", "deposit": 1, "compare_unit": "ltr", "compare_unit_price": 21.21, "consumption_unit": null, "consumption_quantity": null}], "temperature_zone": null, "is_self_scale_item": false, "is_weight_item": false, "is_available_in_all_stores": false, "is_batch_item": false}
{"id": 21096, "name": "SKUMMETMÆLK", "underline": "1 LTR. / REMA 1000", "age_limit": null, "hazard_precaution_statements": [], "labels": [{"id": 2, "name": "REMA1000", "image": "https://static-assets.digital.rema1000.dk/product/labels/2-64.webp"}, {"id": 40, "name": "Nøglehul", "image": "https://static-assets.digital.rema1000.dk/product/labels/40-64.webp"}, {"id": 70, "name": "Dansk", "image": "https://static-assets.digital.rema1000.dk/product/labels/70-64.webp"}, {"id": 201, "name": "Bedre dyrevelfærd 1", "image": "https://static-assets.digital.rema1000.dk/product/labels/201-64.webp"}], "description": null, "info": "", "images": [{"small": "https://rema-product-images.digital.rema1000.dk/21096/1-small-NpP7A1XqOl.webp", "medium": "https://rema-product-images.digital.rema1000.dk/21096/1-medium-NpP7A1XqOl.webp", "large": "https://rema-product-images.digital.rema1000.dk/21096/1-large-NpP7A1XqOl.webp"}], "prices": [{"price": 11.5, "price_over_max_quantity": null, "max_quantity": null, "is_advertised": false, "is_campaign": false, "starting_at": "2025-01-30T00:00:00+00:00", "ending_at": "2099-12-31T00:00:00+00:00", "deposit": null, "compare_unit": "ltr", "compare_unit_price": 11.5, "consumption_unit": null, "consumption_quantity": null}], "temperature_zone": "refrigerated_5_degrees_celsius", "is_self_scale_item": false, "is_weight_item": false, "is_available_in_all_stores": true, "is_batch_item": false}
{"id": 211155, "name": "GINGER BEER", "underline": "33 CL. / CARIBIA", "age_limit": null, "hazard_precaution_statements": [], "labels": [], "description": null, "info": "", "images": [{"small": "https://rema-product-images.digital.rema1000.dk/211155/1-small-A5qV6x6wqa.webp", "medium": "https://rema-product-images.digital.rema1000.dk/211155/1-medium-A5qV6x6wqa.webp", "large": "https://rema-product-images.digital.rema1000.dk/211155/1-large-A5qV6x6wqa.webp"}], "prices": [{"price": 5.95, "price_over_max_quantity": null, "max_quantity": null, "is_advertised": false, "is_campaign": false, "starting_at": "2022-11-24T00:00:00+00:00", "ending_at": "2099-12-31T00:00:00+00:00", "deposit": 1, "compare_unit": "ltr", "compare_unit_price": 18.03, "consumption_unit": null, "consumption_quantity": null}], "temperature_zone": null, "is_self_scale_item": false, "is_weight_item": false, "is_available_in_all_stores": false, "is_batch_item": false}
{"id": 211186, "name": "PEPSI MAX", "underline": "50 CL.", "age_limit": null, "hazard_precaution_statements": [], "labels": [{"id": 31, "name": "Ikke tilsat sukker", "image": "https://static-assets.digital.rema1000.dk/product/labels/31-64.webp"}], "description": null, "info": "", "images": [{"small": "https://rema-product-images.digital.rema1000.dk/211186/1-small-A4Pylrpk9L.webp", "medium": "https://rema-product-images.digital.rema1000.dk/211186/1-medium-A4Pylrpk9L.webp", "large": "https://rema-product-images.digital.rema1000.dk/211186/1-large-A4Pylrpk9L.webp"}], "prices": [{"price": 18, "price_over_max_quantity": null, "max_quantity": null, "is_advertised": false, "is_campaign": false, "starting_at": "2023-01-05T00:00:00+00:00", "ending_at": "2099-12-31T00:00:00+00:00", "deposit": 1.5, "compare_unit": "ltr", "compare_unit_price": 36, "consumption_unit": null, "consumption_quantity": null}], "temperature_zone": null, "is_self_scale_item": false, "is_weight_item": false, "is_available_in_all_stores": true, "is_batch_item": false}
{"id": 211341, "name": "TUBORG SQUASH", "underline": "50 CL.", "age_limit": null, "hazard_precaution_statements": [], "labels": [], "description": null, "info": "", "images": [{"small": "https://rema-product-images.digital.rema1000.dk/211341/1-small-we9E3QB6og.webp", "medium": "https://rema-product-images.digital.rema1000.dk/211341/1-medium-we9E3QB6og.webp", "large": "https://rema-product-images.digital.rema1000.dk/211341/1-large-we9E3QB6og.webp"}], "prices": [{"price": 17, "price_over_max_quantity": null, "max_quantity": null, "is_advertised": false, "is_campaign": false, "starting_at": "2023-01-05T00:00:00+00:00", "ending_at": "2099-12-31T00:00:00+00:00", "deposit": 1.5, "compare_unit": "ltr", "compare_unit_price": 34, "consumption_unit": null, "consumption_quantity": null}], "temperature_zone": null, "is_self_scale_item": false, "is_weight_item": false, "is_available_in_all_stores": true, "is_batch_item": false}
{"id": 211342, "name": "FANTA LEMON", "underline": "50 CL. / NO SUGAR", "age_limit": null, "hazard_precaution_statements": [], "labels": [], "description": null, "info": "", "images": [{"small": "https://rema-product-images.digital.rema1000.dk/211342/1-small-A4Pylr5y9L.webp", "medium": "https://rema-product-images.digital.rema1000.dk/211342/1-medium-A4Pylr5y9L.webp", "large": "https://rema-product-images.digital.rema1000.dk/211342/1-large-A4Pylr5y9L.webp"}], "prices": [{"price": 17, "price_over_max_quantity": null, "max_quantity": null, "is_advertised": false, "is_campaign": false, "starting_at": "2022-12-08T00:00:00+00:00", "ending_at": "2099-12-31T00:00:00+00:00", "deposit": 1.5, "compare_unit": "ltr", "compare_unit_price": 34, "consumption_unit": null, "consumption_quantity": null}], "temperature_zone": null, "is_self_scale_item": false, "is_weight_item": false, "is_available_in_all_stores": true, "is_batch_item": false}
{"id": 211590, "name": "BLUE KELD SIMPLE", "underline": "1 LTR. / ICETEA FERSKEN", "age_limit": null, "hazard_precaution_statements": [], "labels": [{"id": 9001, "name": "Avisvare", "image": "https://static-assets.digital.rema1000.dk/product/labels/9001-64.webp"}, {"id": 31, "name": "Ikke tilsat sukker", "image": "https://static-assets.digital.rema1000.dk/product/labels/31-64.webp"}], "description": null, "info": "", "images": [{"small": "https://rema-product-images.digital.rema1000.dk/211590/1-small-kAonMAQ3Px.webp", "medium": "https://rema-product-images.digital.rema1000.dk/211590/1-medium-kAonMAQ3Px.webp", "large": "https://rema-product-images.digital.rema1000.dk/211590/1-large-kAonMAQ3Px.webp"}], "prices": [{"price": 5, "price_over_max_quantity": null, "max_quantity": null, "is_advertised": true, "is_campaign": true, "starting_at": "2025-08-17T00:00:00+00:00", "ending_at": "2025-08-23T00:00:00+00:00", "deposit": 3, "compare_unit": "ltr", "compare_unit_price": 5, "consumption_unit": null, "consumption_quantity": null}, {"price": 7, "price_over_max_quantity": null, "max_quantity": null, "is_advertised": false, "is_campaign": false, "starting_at": "2025-08-24T00:00:00+00:00", "ending_at": "2025-11-15T00:00:00+00:00", "deposit": 3, "compare_unit": "ltr", "compare_unit_price": 7, "consumption_unit": null, "consumption_quantity": null}], "temperature_zone": null, "is_self_scale_item": false, "is_weight_item": false, "is_available_in_all_stores": true, "is_batch_item": true}
{"id": 21200, "name": "KÆRNEMÆLK 0,3%", "underline": "1 LTR. / ARLA", "age_limit": null, "hazard_precaution_statements": [], "labels": [{"id": 40, "name": "Nøglehul", "image": "https://static-assets.digital.rema1000.dk/product/labels/40-64.webp"}, {"id": 70, "name": "Dansk", "image": "https://static-assets.digital.rema1000.dk/product/labels/70-64.webp"}, {"id": 201, "name": "Bedre dyrevelfærd 1", "image": "https://static-assets.digital.rema1000.dk/product/labels/201-64.webp"}], "description": null, "info": "", "images": [{"small": "https://rema-product-images.digital.rema1000.dk/21200/1-small-xePwlMEow8.webp", "medium": "https://rema-product-images.digital.rema1000.dk/21200/1-medium-xePwlMEow8.webp", "large": "https://rema-product-images.digital.rema1000.dk/21200/1-large-xePwlMEow8.webp"}], "prices": [{"price": 13.75, "price_over_max_quantity": null, "max_quantity": null, "is_advertised": false, "is_campaign": false, "starting_at": "2025-01-30T00:00:00+00:00", "ending_at": "2099-12-31T00:00:00+00:00", "deposit": null, "compare_unit": "ltr", "compare_unit_price": 13.75, "consumption_unit": null, "consumption_quantity": null}], "temperature_zone": "refrigerated_5_degrees_celsius", "is_self_scale_item": false, "is_weight_item": false, "is_available_in_all_stores": true, "is_batch_item": false}
{"id": 212607, "name": "COCA COLA", "underline": "50 CL. / ZERO SUGAR", "age_limit": null, "hazard_precaution_statements": [], "labels": [{"id": 31, "name": "Ikke tilsat sukker", "image": "https://static-assets.digital.rema1000.dk/product/labels/31-64.webp"}], "description": null, "info": "", "images": [{"small": "https://rema-product-images.digital.rema1000.dk/212607/1-small-v09gQK0GoA.webp", "medium": "https://rema-product-images.digital.rema1000.dk/212607/1-medium-v09gQK0GoA.webp", "large": "https://rema-product-images.digital.rema1000.dk/212607/1-large-v09gQK0GoA.webp"}], "prices": [{"price": 17, "price_over_max_quantity": null, "max_quantity": null, "is_advertised": false, "is_campaign": false, "starting_at": "2023-01-05T00:00:00+00:00", "ending_at": "2099-12-31T00:00:00+00:00", "deposit": 1.5, "compare_unit": "ltr", "compare_unit_price": 34, "consumption_unit": null, "consumption_quantity": null}], "temperature_zone": null, "is_self_scale_item": false, "is_weight_item": false, "is_available_in_all_stores": true, "is_batch_item": false}
{"id": 212617, "name": "FANTA ORANGE", "underline": "33 CL.", "age_limit": null, "hazard_precaution_statements": [], "labels": [], "description": null, "info": "", "images": [{"small": "https://rema-product-images.digital.rema1000.dk/212617/1-small-Z8qpp4Wyq3.webp", "medium": "https://rema-product-images.digital.rema1000.dk/212617/1-medium-Z8qpp4Wyq3.webp", "large": "https://rema-product-images.digital.rema1000.dk/212617/1-large-Z8qpp4Wyq3.webp"}], "prices": [{"price": 5.85, "price_over_max_quantity": null, "max_quantity": null, "is_advertised": false, "is_campaign": false, "starting_at": "2023-01-05T00:00:00+00:00", "ending_at": "2025-08-30T00:00:00+00:00", "deposit": 1, "compare_unit": "ltr", "compare_unit_price": 17.73, "consumption_unit": null, "consumption_quantity": null}], "temperature_zone": null, "is_self_scale_item": false, "is_weight_item": false, "is_available_in_all_stores": false, "is_batch_item": false}
{"id": 213305, "name": "ABRIKOSBRUS", "underline": "50 CL. / HARBOE", "age_limit": null, "hazard_precaution_statements": [], "labels": [], "description": null, "info": "", "images": [{"small": "https://rema-product-images.digital.rema1000.dk/213305/1-small-xQq8YAkn9Z.webp", "medium": "https://rema-product-images.digital.rema1000.dk/213305/1-medium-xQq8YAkn9Z.webp", "large": "https://rema-product-images.digital.rema1000.dk/213305/1-large-xQq8YAkn9Z.webp"}], "prices": [{"price": 4.1, "price_over_max_quantity": null, "max_quantity": null, "is_advertised": false, "is_campaign": false, "starting_at": "2025-01-02T00:00:00+00:00", "ending_at": "2099-12-31T00:00:00+00:00", "deposit": 1.5, "compare_unit": "ltr", "compare_unit_price": 8.2, "consumption_unit": null, "consumption_quantity": null}], "temperature_zone": null, "is_self_scale_item": false, "is_weight_item": false, "is_available_in_all_stores": true, "is_batch_item": false}
{"id": 213310, "name": "COLA", "underline": "50 CL. / HARBOE", "age_limit": null, "hazard_precaution_statements": [], "labels": [], "description": null, "info": "", "images": [{"small": "https://rema-product-images.digital.rema1000.dk/213310/1-small-Al9037Kkq8.webp", "medium": "https://rema-product-images.digital.rema1000.dk/213310/1-medium-Al9037Kkq8.webp", "large": "https://rema-product-images.digital.rema1000.dk/213310/1-large-Al9037Kkq8.webp"}], "prices": [{"price": 4.1, "price_over_max_quantity": null, "max_quantity": null, "is_advertised": false, "is_campaign": false, "starting_at": "2025-01-02T00:00:00+00:00", "ending_at": "2099-12-31T00:00:00+00:00", "deposit": 1.5, "compare_unit": "ltr", "compare_unit_price": 8.2, "consumption_unit": null, "consumption_quantity": null}], "temperature_zone": null, "is_self_scale_item": false, "is_weight_item": false, "is_available_in_all_stores": true, "is_batch_item": false}
{"id": 213315, "name": "HINDBÆRBRUS", "underline": "50 CL. / HARBOE", "age_limit": null, "hazard_precaution_statements": [], "labels": [], "description": "Harboe Hindbærbrus er smagen af søde hindbær og forfriskende brus. Hindbærbrus er en sprudlende sodavand, som er god til fødselsdage, og når børnene skal holde fest.", "info": "", "images": [{"small": "https://rema-product-images.digital.rema1000.dk/213315/1-small-KpqRjeGXqL.webp", "medium": "https://rema-product-images.digital.rema1000.dk/213315/1-medium-KpqRjeGXqL.webp", "large": "https://rema-product-images.digital.rema1000.dk/213315/1-large-KpqRjeGXqL.webp"}], "prices": [{"price": 4.1, "price_over_max_quantity": null, "max_quantity": null, "is_advertised": false, "is_campaign": false, "starting_at": "2025-01-02T00:00:00+00:00", "ending_at": "2099-12-31T00:00:00+00:00", "deposit": 1.5, "compare_unit": "ltr", "compare_unit_price": 8.2, "consumption_unit": null, "consumption_quantity": null}], "temperature_zone": null, "is_self_scale_item": false, "is_weight_item": false, "is_available_in_all_stores": false, "is_batch_item": false}
{"id": 213345, "name": "COLA NUL SUKKER", "underline": "50 CL. / HARBOE", "age_limit": null, "hazard_precaution_statements": [], "labels": [{"id": 31, "name": "Ikke tilsat sukker", "image": "https://static-assets.digital.rema1000.dk/product/labels/31-64.webp"}], "description": null, "info": "", "images": [{"small": "https://rema-product-images.digital.rema1000.dk/213345/1-small-ElPB65wJPk.webp", "medium": "https://rema-product-images.digital.rema1000.dk/213345/1-medium-ElPB65wJPk.webp", "large": "https://rema-product-images.digital.rema1000.dk/213345/1-large-ElPB65wJPk.webp"}], "prices": [{"price": 4.1, "price_over_max_quantity": null, "max_quantity": null, "is_advertised": false, "is_campaign": false, "starting_at": "2025-01-02T00:00:00+00:00", "ending_at": "2099-12-31T00:00:00+00:00", "deposit": 1.5, "compare_unit": "ltr", "compare_unit_price": 8.2, "consumption_unit": null, "consumption_quantity": null}], "temperature_zone": null, "is_self_scale_item": false, "is_weight_item": false, "is_available_in_all_stores": false, "is_batch_item": false}
{"id": 213352, "name": "CITRONBRUS", "underline": "50 CL. / HARBOE", "age_limit": null, "hazard_precaution_statements": [], "labels": [], "description": null, "info": "", "images": [{"small": "https://rema-product-images.digital.rema1000.dk/213352/1-small-NpP7ORDMPO.webp", "medium": "https://rema-product-images.digital.rema1000.dk/213352/1-medium-NpP7ORDMPO.webp", "large": "https://rema-product-images.digital.rema1000.dk/213352/1-large-NpP7ORDMPO.webp"}], "prices": [{"price": 4.1, "price_over_max_quantity": null, "max_quantity": null, "is_advertised": false, "is_campaign": false, "starting_at": "2025-01-02T00:00:00+00:00", "ending_at": "2099-12-31T00:00:00+00:00", "deposit": 1.5, "compare_unit": "ltr", "compare_unit_price": 8.2, "consumption_unit": null, "consumption_quantity": null}], "temperature_zone": null, "is_self_scale_item": false, "is_weight_item": false, "is_available_in_all_stores": true, "is_batch_item": false}
{"id": 213363, "name": "SPORTSBRUS", "underline": "50 CL. / NUL SUKKER", "age_limit": null, "hazard_precaution_statements": [], "labels": [{"id": 31, "name": "Ikke tilsat sukker", "image": "https://static-assets.digital.rema1000.dk/product/labels/31-64.webp"}], "description": null, "info": "", "images": [{"small": "https://rema-product-images.digital.rema1000.dk/213363/1-small-rDq6KvZj9b.webp", "medium": "https://rema-product-images.digital.rema1000.dk/213363/1-medium-rDq6KvZj9b.webp", "large": "https://rema-product-images.digital.rema1000.dk/213363/1-large-rDq6KvZj9b.webp"}], "prices": [{"price": 4.1, "price_over_max_quantity": null, "max_quantity": null, "is_advertised": false, "is_campaign": false, "starting_at": "2025-01-02T00:00:00+00:00", "ending_at": "2099-12-31T00:00:00+00:00", "deposit": 1.5, "compare_unit": "ltr", "compare_unit_price": 8.2, "consumption_unit": null, "consumption_quantity": null}], "temperature_zone": null, "is_self_scale_item": false, "is_weight_item": false, "is_available_in_all_stores": false, "is_batch_item": false}
{"id": 213364, "name": "SPORTSBRUS 6 PAK", "underline": "3 LTR. / NUL SUKKER", "age_limit": null, "hazard_precaution_statements": [], "labels": [{"id": 31, "name": "Ikke tilsat sukker", "image": "https://static-assets.digital.rema1000.dk/product/labels/31-64.webp"}], "description": null, "info": "", "images": [{"small": "https://rema-product-images.digital.rema1000.dk/213364/1-small-AKqeLNAMop.webp", "medium": "https://rema-product-images.digital.rema1000.dk/213364/1-medium-AKqeLNAMop.webp", "large": "https://rema-product-images.digital.rema1000.dk/213364/1-large-AKqeLNAMop.webp"}], "prices": [{"price": 24.6, "price_over_max_quantity": null, "max_quantity": null, "is_advertised": false, "is_campaign": false, "starting_at": "2025-01-02T00:00:00+00:00", "ending_at": "2099-12-31T00:00:00+00:00", "deposit": 9, "compare_unit": "ltr", "compare_unit_price": 8.2, "consumption_unit": null, "consumption_quantity": null}], "temperature_zone": null, "is_self_scale_item": false, "is_weight_item": false, "is_available_in_all_stores": false, "is_batch_item": false}
{"id": 213378, "name": "TOPFORM NUL SUKKER", "underline": "50 CL. / HARBOE", "age_limit": null, "hazard_precaution_statements": [], "labels": [{"id": 31, "name": "Ikke tilsat sukker", "image": "https://static-assets.digital.rema1000.dk/product/labels/31-64.webp"}], "description": null, "info": "", "images": [{"small": "https://rema-product-images.digital.rema1000.dk/213378/1-small-yLqGjKXKod.webp", "medium": "https://rema-product-images.digital.rema1000.dk/213378/1-medium-yLqGjKXKod.webp", "large": "https://rema-product-images.digital.rema1000.dk/213378/1-large-yLqGjKXKod.webp"}], "prices": [{"price": 4.1, "price_over_max_quantity": null, "max_quantity": null, "is_advertised": false, "is_campaign": false, "starting_at": "2025-01-02T00:00:00+00:00", "ending_at": "2099-12-31T00:00:00+00:00", "deposit": 1.5, "compare_unit": "ltr", "compare_unit_price": 8.2, "consumption_unit": null, "consumption_quantity": null}], "temperature_zone": null, "is_self_scale_item": false, "is_weight_item": false, "is_available_in_all_stores": true, "is_batch_item": false}
{"id": 213382, "name": "SQUASH ORANGE", "underline": "50 CL. / HARBOE, NUL SUKKER", "age_limit": null, "hazard_precaution_statements": [], "labels": [{"id": 31, "name": "Ikke tilsat sukker", "image": "https://static-assets.digital.rema1000.dk/product/labels/31-64.webp"}], "description": null, "info": "", "images": [{"small": "https://rema-product-images.digital.rema1000.dk/213382/1-small-MBoNpA659v.webp", "medium": "https://rema-product-images.digital.rema1000.dk/213382/1-medium-MBoNpA659v.webp", "large": "https://rema-product-images.digital.rema1000.dk/213382/1-large-MBoNpA659v.webp"}], "prices": [{"price": 4.1, "price_over_max_quantity": null, "max_quantity": null, "is_advertised": false, "is_campaign": false, "starting_at": "2025-01-02T00:00:00+00:00", "ending_at": "2099-12-31T00:00:00+00:00", "deposit": 1.5, "compare_unit": "ltr", "compare_unit_price": 8.2, "consumption_unit": null, "consumption_quantity": null}], "temperature_zone": null, "is_self_scale_item": false, "is_weight_item": false, "is_available_in_all_stores": true, "is_batch_item": false}
{"id": 213385, "name": "GRAPEBRUS", "underline": "50 CL. / HARBOE,  NUL SUKKER", "age_limit": null, "hazard_precaution_statements": [], "labels": [{"id": 31, "name": "Ikke tilsat sukker", "image": "https://static-assets.digital.rema1000.dk/product/labels/31-64.webp"}], "description": null, "info": "", "images": [{"small": "https://rema-product-images.digital.rema1000.dk/213385/1-small-we9E3g6Log.webp", "medium": "https://rema-product-images.digital.rema1000.dk/213385/1-medium-we9E3g6Log.webp", "large": "https://rema-product-images.digital.rema1000.dk/213385/1-large-we9E3g6Log.webp"}], "prices": [{"price": 4.1, "price_over_max_quantity": null, "max_quantity": null, "is_advertised": false, "is_campaign": false, "starting_at": "2025-01-02T00:00:00+00:00", "ending_at": "2099-12-31T00:00:00+00:00", "deposit": 1.5, "compare_unit": "ltr", "compare_unit_price": 8.2, "consumption_unit": null, "consumption_quantity": null}], "temperature_zone": null, "is_self_scale_item": false, "is_weight_item": false, "is_available_in_all_stores": false, "is_batch_item": false}
{"id": 213389, "name": "ANANAS", "underline": "50 CL. / HARBOE NUL SIKKER", "age_limit": null, "hazard_precaution_statements": [], "labels": [{"id": 31, "name": "Ikke tilsat sukker", "image": "https://static-assets.digital.rema1000.dk/product/labels/31-64.webp"}], "description": null, "info": "", "images": [{"small": "https://rema-product-images.digital.rema1000.dk/213389/1-small-ElPB65jJPk.webp", "medium": "https://rema-product-images.digital.rema1000.dk/213389/1-medium-ElPB65jJPk.webp", "large": "https://rema-product-images.digital.rema1000.dk/213389/1-large-ElPB65jJPk.webp"}], "prices": [{"price": 4.1, "price_over_max_quantity": null, "max_quantity": null, "is_advertised": false, "is_campaign": false, "starting_at": "2025-01-02T00:00:00+00:00", "ending_at": "2099-12-31T00:00:00+00:00", "deposit": 1.5, "compare_unit": "ltr", "compare_unit_price": 8.2, "consumption_unit": null, "consumption_quantity": null}], "temperature_zone": null, "is_self_scale_item": false, "is_weight_item": false, "is_available_in_all_stores": true, "is_batch_item": false}
{"id": 213390, "name": "ANANAS  6 PK.", "underline": "3 LTR. / HARBOE NUL SUKKER", "age_limit": null, "hazard_precaution_statements": [], "labels": [{"id": 31, "name": "Ikke tilsat sukker", "image": "https://static-assets.digital.rema1000.dk/product/labels/31-64.webp"}], "description": null, "info": "", "images": [{"small": "https://rema-product-images.digital.rema1000.dk/213390/1-small-kAonM5JaPx.webp", "medium": "https://rema-product-images.digital.rema1000.dk/213390/1-medium-kAonM5JaPx.webp", "large": "https://rema-product-images.digital.rema1000.dk/213390/1-large-kAonM5JaPx.webp"}], "prices": [{"price": 24.6, "price_over_max_quantity": null, "max_quantity": null, "is_advertised": false, "is_campaign": false, "starting_at": "2025-01-02T00:00:00+00:00", "ending_at": "2099-12-31T00:00:00+00:00", "deposit": 9, "compare_unit": "ltr", "compare_unit_price": 8.2, "consumption_unit": null, "consumption_quantity": null}], "temperature_zone": null, "is_self_scale_item": false, "is_weight_item": false, "is_available_in_all_stores": false, "is_batch_item": false}
{"id": 213391, "name": "HARBOE NUL SUKKER", "underline": "50 CL. / PASSION", "age_limit": null, "hazard_precaution_statements": [], "labels": [{"id": 31, "name": "Ikke tilsat sukker", "image": "https://static-assets.digital.rema1000.dk/product/labels/31-64.webp"}], "description": null, "info": "", "images": [{"small": "https://rema-product-images.digital.rema1000.dk/213391/1-small-3MoMBRa6q5.webp", "medium": "https://rema-product-images.digital.rema1000.dk/213391/1-medium-3MoMBRa6q5.webp", "large": "https://rema-product-images.digital.rema1000.dk/213391/1-large-3MoMBRa6q5.webp"}], "prices": [{"price": 4.1, "price_over_max_quantity": null, "max_quantity": null, "is_advertised": false, "is_campaign": false, "starting_at": "2025-01-02T00:00:00+00:00", "ending_at": "2099-12-31T00:00:00+00:00", "deposit": 1.5, "compare_unit": "ltr", "compare_unit_price": 8.2, "consumption_unit": null, "consumption_quantity": null}], "temperature_zone": null, "is_self_scale_item": false, "is_weight_item": false, "is_available_in_all_stores": true, "is_batch_item": false}
{"id": 213392, "name": "PASSION 6 PK.", "underline": "3 LTR. / HARBOE NUL SUKKER", "age_limit": null, "hazard_precaution_statements": [], "labels": [], "description": null, "info": "", "images": [{"small": "https://rema-product-images.digital.rema1000.dk/213392/1-small-OJq5abVKqp.webp", "medium": "https://rema-product-images.digital.rema1000.dk/213392/1-medium-OJq5abVKqp.webp", "large": "https://rema-product-images.digital.rema1000.dk/213392/1-large-OJq5abVKqp.webp"}], "prices": [{"price": 24.6, "price_over_max_quantity": null, "max_quantity": null, "is_advertised": false, "is_campaign": false, "starting_at": "2025-01-02T00:00:00+00:00", "ending_at": "2099-12-31T00:00:00+00:00", "deposit": 9, "compare_unit": "ltr", "compare_unit_price": 8.2, "consumption_unit": null, "consumption_quantity": null}], "temperature_zone": null, "is_self_scale_item": false, "is_weight_item": false, "is_available_in_all_stores": false, "is_batch_item": false}
{"id": 213625, "name": "MINERALVAND", "underline": "2 LTR. / NORNIR UDEN BRUS", "age_limit": null, "hazard_precaution_statements": [], "labels": [], "description": null, "info": "", "images": [{"small": "https://rema-product-images.digital.rema1000.dk/213625/1-small-Ea91kKv5oz.webp", "medium": "https://rema-product-images.digital.rema1000.dk/213625/1-medium-Ea91kKv5oz.webp", "large": "https://rema-product-images.digital.rema1000.dk/213625/1-large-Ea91kKv5oz.webp"}], "prices": [{"price": 4.5, "price_over_max_quantity": null, "max_quantity": null, "is_advertised": false, "is_campaign": false, "starting_at": "2022-11-03T00:00:00+00:00", "ending_at": "2099-12-31T00:00:00+00:00", "deposit": 3, "compare_unit": "ltr", "compare_unit_price": 2.25, "consumption_unit": null, "consumption_quantity": null}], "temperature_zone": null, "is_self_scale_item": false, "is_weight_item": false, "is_available_in_all_stores": true, "is_batch_item": false}
{"id": 213846, "name": "FANTA EXOTIC", "underline": "1.5 LTR.", "age_limit": null, "hazard_precaution_statements": [], "labels": [], "description": null, "info": "", "images": [{"small": "https://rema-product-images.digital.rema1000.dk/213846/1-small-kAonM51BPx.webp", "medium": "https://rema-product-images.digital.rema1000.dk/213846/1-medium-kAonM51BPx.webp", "large": "https://rema-product-images.digital.rema1000.dk/213846/1-large-kAonM51BPx.webp"}], "prices": [{"price": 17, "price_over_max_quantity": null, "max_quantity": null, "is_advertised": false, "is_campaign": false, "starting_at": "2023-01-05T00:00:00+00:00", "ending_at": "2025-08-23T00:00:00+00:00", "deposit": 3, "compare_unit": "ltr", "compare_unit_price": 11.33, "consumption_unit": null, "consumption_quantity": null}], "temperature_zone": null, "is_self_scale_item": false, "is_weight_item": false, "is_available_in_all_stores": true, "is_batch_item": false}
{"id": 213860, "name": "FANTA", "underline": "1.5 LTR. / ORANGE", "age_limit": null, "hazard_precaution_statements": [], "labels": [], "description": null, "info": "", "images": [{"small": "https://rema-product-images.digital.rema1000.dk/213860/1-small-6xqAxMDDoD.webp", "medium": "https://rema-product-images.digital.rema1000.dk/213860/1-medium-6xqAxMDDoD.webp", "large": "https://rema-product-images.digital.rema1000.dk/213860/1-large-6xqAxMDDoD.webp"}], "prices": [{"price": 17, "price_over_max_quantity": null, "max_quantity": null, "is_advertised": false, "is_campaign": false, "starting_at": "2023-01-05T00:00:00+00:00", "ending_at": "2025-08-23T00:00:00+00:00", "deposit": 3, "compare_unit": "ltr", "compare_unit_price": 11.33, "consumption_unit": null, "consumption_quantity": null}], "temperature_zone": null, "is_self_scale_item": false, "is_weight_item": false, "is_available_in_all_stores": false, "is_batch_item": false}
{"id": 213865, "name": "COCA COLA ZERO", "underline": "1.5 LTR. / ZERO SUGAR", "age_limit": null, "hazard_precaution_statements": [], "labels": [{"id": 31, "name": "Ikke tilsat sukker", "image": "https://static-assets.digital.rema1000.dk/product/labels/31-64.webp"}], "description": null, "info": "", "images": [{"small": "https://rema-product-images.digital.rema1000.dk/213865/1-small-bJ9YBNOWPL.webp", "medium": "https://rema-product-images.digital.rema1000.dk/213865/1-medium-bJ9YBNOWPL.webp", "large": "https://rema-product-images.digital.rema1000.dk/213865/1-large-bJ9YBNOWPL.webp"}], "prices": [{"price": 17, "price_over_max_quantity": null, "max_quantity": null, "is_advertised": false, "is_campaign": false, "starting_at": "2023-01-05T00:00:00+00:00", "ending_at": "2025-08-23T00:00:00+00:00", "deposit": 3, "compare_unit": "ltr", "compare_unit_price": 11.33, "consumption_unit": null, "consumption_quantity": null}], "temperature_zone": null, "is_self_scale_item": false, "is_weight_item": false, "is_available_in_all_stores": true, "is_batch_item": false}
{"id": 214100, "name": "KILDEVAND", "underline": "50 CL. / REMA 1000 UDEN BRUS", "age_limit": null, "hazard_precaution_statements": [], "labels": [{"id": 2, "name": "REMA1000", "image": "https://static-assets.digital.rema1000.dk/product/labels/2-64.webp"}], "description": null, "info": "", "images": [{"small": "https://rema-product-images.digital.rema1000.dk/214100/1-small-xePwBbAO9w.webp", "medium": "https://rema-product-images.digital.rema1000.dk/214100/1-medium-xePwBbAO9w.webp", "large": "https://rema-product-images.digital.rema1000.dk/214100/1-large-xePwBbAO9w.webp"}], "prices": [{"price": 2.3, "price_over_max_quantity": null, "max_quantity": null, "is_advertised": false, "is_campaign": false, "starting_at": "2025-01-02T00:00:00+00:00", "ending_at": "2025-08-23T00:00:00+00:00", "deposit": 1.5, "compare_unit": "ltr", "compare_unit_price": 4.6, "consumption_unit": null, "consumption_quantity": null}], "temperature_zone": null, "is_self_scale_item": false, "is_weight_item": false, "is_available_in_all_stores": true, "is_batch_item": false}
{"id": 214110, "name": "DANSKVAND MED BRUS", "underline": "2 LTR. / NORNIR, CITRUS", "age_limit": null, "hazard_precaution_statements": [], "labels": [], "description": null, "info": "", "images": [{"small": "https://rema-product-images.digital.rema1000.dk/214110/1-small-Al9037GDq8.webp", "medium": "https://rema-product-images.digital.rema1000.dk/214110/1-medium-Al9037GDq8.webp", "large": "https://rema-product-images.digital.rema1000.dk/214110/1-large-Al9037GDq8.webp"}], "prices": [{"price": 5.03, "price_over_max_quantity": null, "max_quantity": null, "is_advertised": false, "is_campaign": false, "starting_at": "2024-01-18T00:00:00+00:00", "ending_at": "2099-12-31T00:00:00+00:00", "deposit": 3, "compare_unit": "ltr", "compare_unit_price": 2.52, "consumption_unit": null, "consumption_quantity": null}], "temperature_zone": null, "is_self_scale_item": false, "is_weight_item": false, "is_available_in_all_stores": true, "is_batch_item": false}
{"id": 214125, "name": "DANSKVAND CITRUS", "underline": "50 CL. / NORNIR MED BRUS", "age_limit": null, "hazard_precaution_statements": [], "labels": [], "description": null, "info": "", "images": [{"small": "https://rema-product-images.digital.rema1000.dk/214125/1-small-Ea91kKG4oz.webp", "medium": "https://rema-product-images.digital.rema1000.dk/214125/1-medium-Ea91kKG4oz.webp", "large": "https://rema-product-images.digital.rema1000.dk/214125/1-large-Ea91kKG4oz.webp"}], "prices": [{"price": 2.5, "price_over_max_quantity": null, "max_quantity": null, "is_advertised": false, "is_campaign": false, "starting_at": "2025-01-02T00:00:00+00:00", "ending_at": "2099-12-31T00:00:00+00:00", "deposit": 1.5, "compare_unit": "ltr", "compare_unit_price": 5, "consumption_unit": null, "consumption_quantity": null}], "temperature_zone": null, "is_self_scale_item": false, "is_weight_item": false, "is_available_in_all_stores": true, "is_batch_item": false}
{"id": 214134, "name": "NORNIR DANSKVAND", "underline": "50 CL. / RABARBER/HINDBÆR", "age_limit": null, "hazard_precaution_statements": [], "labels": [], "description": null, "info": "", "images": [{"small": "https://rema-product-images.digital.rema1000.dk/214134/1-small-yLqGjKG7od.webp", "medium": "https://rema-product-images.digital.rema1000.dk/214134/1-medium-yLqGjKG7od.webp", "large": "https://rema-product-images.digital.rema1000.dk/214134/1-large-yLqGjKG7od.webp"}], "prices": [{"price": 2.5, "price_over_max_quantity": null, "max_quantity": null, "is_advertised": false, "is_campaign": false, "starting_at": "2025-01-02T00:00:00+00:00", "ending_at": "2099-12-31T00:00:00+00:00", "deposit": 1.5, "compare_unit": "ltr", "compare_unit_price": 5, "consumption_unit": null, "consumption_quantity": null}], "temperature_zone": null, "is_self_scale_item": false, "is_weight_item": false, "is_available_in_all_stores": true, "is_batch_item": false}
{"id": 214140, "name": "DANSKVAND", "underline": "50 CL. / NORNIR, BLÅBÆR", "age_limit": null, "hazard_precaution_statements": [], "labels": [], "description": null, "info": "", "images": [{"small": "https://rema-product-images.digital.rema1000.dk/214140/1-small-rQqQp6gBoe.webp", "medium": "https://rema-product-images.digital.rema1000.dk/214140/1-medium-rQqQp6gBoe.webp", "large": "https://rema-product-images.digital.rema1000.dk/214140/1-large-rQqQp6gBoe.webp"}], "prices": [{"price": 2.5, "price_over_max_quantity": null, "max_quantity": null, "is_advertised": false, "is_campaign": false, "starting_at": "2025-01-02T00:00:00+00:00", "ending_at": "2099-12-31T00:00:00+00:00", "deposit": 1.5, "compare_unit": "ltr", "compare_unit_price": 5, "consumption_unit": null, "consumption_quantity": null}], "temperature_zone": null, "is_self_scale_item": false, "is_weight_item": false, "is_available_in_all_stores": true, "is_batch_item": false}
{"id": 214337, "name": "SCHWEPPES LEMON", "underline": "1.25 LTR.", "age_limit": null, "hazard_precaution_statements": [], "labels": [], "description": null, "info": "", "images": [{"small": "https://rema-product-images.digital.rema1000.dk/214337/1-small-JzPJvXk0Pk.webp", "medium": "https://rema-product-images.digital.rema1000.dk/214337/1-medium-JzPJvXk0Pk.webp", "large": "https://rema-product-images.digital.rema1000.dk/214337/1-large-JzPJvXk0Pk.webp"}], "prices": [{"price": 17, "price_over_max_quantity": null, "max_quantity": null, "is_advertised": false, "is_campaign": false, "starting_at": "2023-01-05T00:00:00+00:00", "ending_at": "2025-08-23T00:00:00+00:00", "deposit": 3, "compare_unit": "ltr", "compare_unit_price": 13.6, "consumption_unit": null, "consumption_quantity": null}], "temperature_zone": null, "is_self_scale_item": false, "is_weight_item": false, "is_available_in_all_stores": true, "is_batch_item": false}
{"id": 21464, "name": "MINIMÆLK 0,4% FEDT", "underline": "1 LTR. / REMA 1000", "age_limit": null, "hazard_precaution_statements": [], "labels": [{"id": 2, "name": "REMA1000", "image": "https://static-assets.digital.rema1000.dk/product/labels/2-64.webp"}, {"id": 40, "name": "Nøglehul", "image": "https://static-assets.digital.rema1000.dk/product/labels/40-64.webp"}, {"id": 70, "name": "Dansk", "image": "https://static-assets.digital.rema1000.dk/product/labels/70-64.webp"}, {"id": 201, "name": "Bedre dyrevelfærd 1", "image": "https://static-assets.digital.rema1000.dk/product/labels/201-64.webp"}], "description": null, "info": "", "images": [{"small": "https://rema-product-images.digital.rema1000.dk/21464/1-small-AKqeJxY9p1.webp", "medium": "https://rema-product-images.digital.rema1000.dk/21464/1-medium-AKqeJxY9p1.webp", "large": "https://rema-product-images.digital.rema1000.dk/21464/1-large-AKqeJxY9p1.webp"}], "prices": [{"price": 11.95, "price_over_max_quantity": null, "max_quantity": null, "is_advertised": false, "is_campaign": false, "starting_at": "2025-01-30T00:00:00+00:00", "ending_at": "2099-12-31T00:00:00+00:00", "deposit": null, "compare_unit": "ltr", "compare_unit_price": 11.95, "consumption_unit": null, "consumption_quantity": null}], "temperature_zone": "refrigerated_5_degrees_celsius", "is_self_scale_item": false, "is_weight_item": false, "is_available_in_all_stores": true, "is_batch_item": false}
{"id": 21488, "name": "MINIMÆLK", "underline": "250 ML. / ARLA, ØKOLOGISK", "age_limit": null, "hazard_precaution_statements": [], "labels": [{"id": 6, "name": "Økologi", "image": "https://static-assets.digital.rema1000.dk/product/labels/6-64.webp"}, {"id": 40, "name": "Nøglehul", "image": "https://static-assets.digital.rema1000.dk/product/labels/40-64.webp"}, {"id": 203, "name": "Bedre dyrevelfærd 3", "image": "https://static-assets.digital.rema1000.dk/product/labels/203-64.webp"}], "description": null, "info": "", "images": [{"small": "https://rema-product-images.digital.rema1000.dk/21488/1-small-xePwXxvow8.webp", "medium": "https://rema-product-images.digital.rema1000.dk/21488/1-medium-xePwXxvow8.webp", "large": "https://rema-product-images.digital.rema1000.dk/21488/1-large-xePwXxvow8.webp"}], "prices": [{"price": 4.25, "price_over_max_quantity": null, "max_quantity": null, "is_advertised": false, "is_campaign": false, "starting_at": "2025-01-30T00:00:00+00:00", "ending_at": "2099-12-31T00:00:00+00:00", "deposit": null, "compare_unit": "ltr", "compare_unit_price": 17, "consumption_unit": null, "consumption_quantity": null}], "temperature_zone": "refrigerated_5_degrees_celsius", "is_self_scale_item": false, "is_weight_item": false, "is_available_in_all_stores": false, "is_batch_item": false}
{"id": 21506, "name": "KÆRNEMÆLK 0,5%", "underline": "1 LTR. / GRAM SLOT, ØKOLOGISK", "age_limit": null, "hazard_precaution_statements": [], "labels": [{"id": 5, "name": "Økologi", "image": "https://static-assets.digital.rema1000.dk/product/labels/5-64.webp"}, {"id": 6, "name": "Økologi", "image": "https://static-assets.digital.rema1000.dk/product/labels/6-64.webp"}, {"id": 39, "name": "Gram slot", "image": "https://static-assets.digital.rema1000.dk/product/labels/39-64.webp"}, {"id": 40, "name": "Nøglehul", "image": "https://static-assets.digital.rema1000.dk/product/labels/40-64.webp"}, {"id": 190, "name": "Anbefalet af Dyrenes Beskyttelse", "image": "https://static-assets.digital.rema1000.dk/product/labels/190-64.webp"}, {"id": 203, "name": "Bedre dyrevelfærd 3", "image": "https://static-assets.digital.rema1000.dk/product/labels/203-64.webp"}], "description": "<br /> REMA 1000 er medejer af et af Danmarks største økologiske landbrug, Gram Slot, som dagligt leverer bl.a. økologisk mælk, kartofler, mel og havregryn til REMA 1000s butikker.<br /> <br /> På Gram Slot er dyrevelfærd i højsædet, ligesom Jorden ved Gram Slot dyrkes med stor respekt og omtanke. Køerne ved Gram Slot er på græs hele sommeren. I kløvergræsset på markerne er der sået urter, som indeholder æteriske olier og er rige på mineraler. Vi driver markerne på denne måde, fordi urterne giver køerne et varieret, velsmagende foder.<br /> <br /> Om emballagen:<br /> Let at åbne. Let at hælde af. Minimal affaldsmængde. Med denne letvægtsemballage spares der ressourcer, da den kræver færre råmaterialer - lige fra produktion til transport af affald. <br /> <br />", "info": "", "images": [{"small": "https://rema-product-images.digital.rema1000.dk/21506/1-small-vVorx0W93z.webp", "medium": "https://rema-product-images.digital.rema1000.dk/21506/1-medium-vVorx0W93z.webp", "large": "https://rema-product-images.digital.rema1000.dk/21506/1-large-vVorx0W93z.webp"}], "prices": [{"price": 14.5, "price_over_max_quantity": null, "max_quantity": null, "is_advertised": false, "is_campaign": false, "starting_at": "2025-01-30T00:00:00+00:00", "ending_at": "2099-12-31T00:00:00+00:00", "deposit": null, "compare_unit": "ltr", "compare_unit_price": 14.5, "consumption_unit": null, "consumption_quantity": null}], "temperature_zone": "refrigerated_5_degrees_celsius", "is_self_scale_item": false, "is_weight_item": false, "is_available_in_all_stores": false, "is_batch_item": false}
{"id": 21518, "name": "CREMEFRAICHE 18%", "underline": "450 GR. / KAROLINES KØKKEN, ØKOLOGISK", "age_limit": null, "hazard_precaution_statements": [], "labels": [{"id": 6, "name": "Økologi", "image": "https://static-assets.digital.rema1000.dk/product/labels/6-64.webp"}, {"id": 70, "name": "Dansk", "image": "https://static-assets.digital.rema1000.dk/product/labels/70-64.webp"}, {"id": 203, "name": "Bedre dyrevelfærd 3", "image": "https://static-assets.digital.rema1000.dk/product/labels/203-64.webp"}], "description": null, "info": "", "images": [{"small": "https://rema-product-images.digital.rema1000.dk/21518/1-small-2B94EpYPkM.webp", "medium": "https://rema-product-images.digital.rema1000.dk/21518/1-medium-2B94EpYPkM.webp", "large": "https://rema-product-images.digital.rema1000.dk/21518/1-large-2B94EpYPkM.webp"}], "prices": [{"price": 26.95, "price_over_max_quantity": null, "max_quantity": null, "is_advertised": false, "is_campaign": false, "starting_at": "2025-01-30T00:00:00+00:00", "ending_at": "2099-12-31T00:00:00+00:00", "deposit": null, "compare_unit": "kg", "compare_unit_price": 59.89, "consumption_unit": null, "consumption_quantity": null}], "temperature_zone": "refrigerated_5_degrees_celsius", "is_self_scale_item": false, "is_weight_item": false, "is_available_in_all_stores": true, "is_batch_item": false}
{"id": 215520, "name": "EGEKILDE, BLÅ", "underline": "70 CL. / UDEN BRUS", "age_limit": null, "hazard_precaution_statements": [], "labels": [], "description": null, "info": "", "images": [{"small": "https://rema-product-images.digital.rema1000.dk/215520/1-small-AKqeLwdMop.webp", "medium": "https://rema-product-images.digital.rema1000.dk/215520/1-medium-AKqeLwdMop.webp", "large": "https://rema-product-images.digital.rema1000.dk/215520/1-large-AKqeLwdMop.webp"}], "prices": [{"price": 9.75, "price_over_max_quantity": null, "max_quantity": null, "is_advertised": false, "is_campaign": false, "starting_at": "2019-08-22T00:00:00+00:00", "ending_at": "2099-12-31T00:00:00+00:00", "deposit": 1.5, "compare_unit": "ltr", "compare_unit_price": 13.93, "consumption_unit": null, "consumption_quantity": null}], "temperature_zone": null, "is_self_scale_item": false, "is_weight_item": false, "is_available_in_all_stores": true, "is_batch_item": false}
{"id": 215542, "name": "ONE GUAVA", "underline": "50 CL.", "age_limit": null, "hazard_precaution_statements": [], "labels": [], "description": "Højt koffeinindhold. Bør ikke indtages af børn eller gravide eller ammende kvinder eller folk, der er overfølsomme overfor koffein ", "info": "", "images": [{"small": "https://rema-product-images.digital.rema1000.dk/215542/1-small-A4Pyle7k9L.webp", "medium": "https://rema-product-images.digital.rema1000.dk/215542/1-medium-A4Pyle7k9L.webp", "large": "https://rema-product-images.digital.rema1000.dk/215542/1-large-A4Pyle7k9L.webp"}], "prices": [{"price": 5.95, "price_over_max_quantity": null, "max_quantity": null, "is_advertised": false, "is_campaign": false, "starting_at": "2023-01-05T00:00:00+00:00", "ending_at": "2099-12-31T00:00:00+00:00", "deposit": 1, "compare_unit": "ltr", "compare_unit_price": 11.9, "consumption_unit": null, "consumption_quantity": null}], "temperature_zone": null, "is_self_scale_item": false, "is_weight_item": false, "is_available_in_all_stores": true, "is_batch_item": false}
{"id": 215548, "name": "ONE ENERGY", "underline": "25 CL.", "age_limit": null, "hazard_precaution_statements": [], "labels": [], "description": "Højt koffeinindhold. Bør ikke indtages af børn eller gravide eller ammende kvinder eller folk, der er overfølsomme overfor koffein ", "info": "", "images": [{"small": "https://rema-product-images.digital.rema1000.dk/215548/1-small-OJq5aYkKqp.webp", "medium": "https://rema-product-images.digital.rema1000.dk/215548/1-medium-OJq5aYkKqp.webp", "large": "https://rema-product-images.digital.rema1000.dk/215548/1-large-OJq5aYkKqp.webp"}], "prices": [{"price": 4, "price_over_max_quantity": null, "max_quantity": null, "is_advertised": false, "is_campaign": false, "starting_at": "2023-01-05T00:00:00+00:00", "ending_at": "2099-12-31T00:00:00+00:00", "deposit": 1, "compare_unit": "ltr", "compare_unit_price": 16, "consumption_unit": null, "consumption_quantity": null}], "temperature_zone": null, "is_self_scale_item": false, "is_weight_item": false, "is_available_in_all_stores": true, "is_batch_item": false}
{"id": 215640, "name": "TOPFORM", "underline": "33 CL. / HARBOE", "age_limit": null, "hazard_precaution_statements": [], "labels": [], "description": null, "info": "", "images": [{"small": "https://rema-product-images.digital.rema1000.dk/215640/1-small-rQqQpGYxoe.webp", "medium": "https://rema-product-images.digital.rema1000.dk/215640/1-medium-rQqQpGYxoe.webp", "large": "https://rema-product-images.digital.rema1000.dk/215640/1-large-rQqQpGYxoe.webp"}], "prices": [{"price": 3.4, "price_over_max_quantity": null, "max_quantity": null, "is_advertised": false, "is_campaign": false, "starting_at": "2025-02-06T00:00:00+00:00", "ending_at": "2025-08-20T00:00:00+00:00", "deposit": 1, "compare_unit": "ltr", "compare_unit_price": 10.3, "consumption_unit": null, "consumption_quantity": null}], "temperature_zone": null, "is_self_scale_item": false, "is_weight_item": false, "is_available_in_all_stores": true, "is_batch_item": false}
{"id": 215643, "name": "CLOUDY LEMON", "underline": "33 CL. / HARBOE", "age_limit": null, "hazard_precaution_statements": [], "labels": [], "description": null, "info": "", "images": [{"small": "https://rema-product-images.digital.rema1000.dk/215643/1-small-dyoml75MPV.webp", "medium": "https://rema-product-images.digital.rema1000.dk/215643/1-medium-dyoml75MPV.webp", "large": "https://rema-product-images.digital.rema1000.dk/215643/1-large-dyoml75MPV.webp"}], "prices": [{"price": 3.4, "price_over_max_quantity": null, "max_quantity": null, "is_advertised": false, "is_campaign": false, "starting_at": "2025-02-06T00:00:00+00:00", "ending_at": "2025-08-20T00:00:00+00:00", "deposit": 1, "compare_unit": "ltr", "compare_unit_price": 10.3, "consumption_unit": null, "consumption_quantity": null}], "temperature_zone": null, "is_self_scale_item": false, "is_weight_item": false, "is_available_in_all_stores": true, "is_batch_item": false}
{"id": 215652, "name": "HINDBÆR NUL SUKKER", "underline": "33 CL. / HARBOE", "age_limit": null, "hazard_precaution_statements": [], "labels": [{"id": 31, "name": "Ikke tilsat sukker", "image": "https://static-assets.digital.rema1000.dk/product/labels/31-64.webp"}], "description": null, "info": "", "images": [{"small": "https://rema-product-images.digital.rema1000.dk/215652/1-small-NpP7OyxDPO.webp", "medium": "https://rema-product-images.digital.rema1000.dk/215652/1-medium-NpP7OyxDPO.webp", "large": "https://rema-product-images.digital.rema1000.dk/215652/1-large-NpP7OyxDPO.webp"}], "prices": [{"price": 3.4, "price_over_max_quantity": null, "max_quantity": null, "is_advertised": false, "is_campaign": false, "starting_at": "2025-07-27T00:00:00+00:00", "ending_at": "2025-08-20T00:00:00+00:00", "deposit": 1, "compare_unit": "ltr", "compare_unit_price": 10.3, "consumption_unit": null, "consumption_quantity": null}], "temperature_zone": null, "is_self_scale_item": false, "is_weight_item": false, "is_available_in_all_stores": true, "is_batch_item": true}
{"id": 21566, "name": "VANILJE YOGHURT 0,5%", "underline": "1 KG. / ARLA, ØKOLOGISK", "age_limit": null, "hazard_precaution_statements": [], "labels": [{"id": 6, "name": "Økologi", "image": "https://static-assets.digital.rema1000.dk/product/labels/6-64.webp"}, {"id": 203, "name": "Bedre dyrevelfærd 3", "image": "https://static-assets.digital.rema1000.dk/product/labels/203-64.webp"}], "description": null, "info": "", "images": [{"small": "https://rema-product-images.digital.rema1000.dk/21566/1-small-pyozR33oXn.webp", "medium": "https://rema-product-images.digital.rema1000.dk/21566/1-medium-pyozR33oXn.webp", "large": "https://rema-product-images.digital.rema1000.dk/21566/1-large-pyozR33oXn.webp"}], "prices": [{"price": 23.95, "price_over_max_quantity": null, "max_quantity": null, "is_advertised": false, "is_campaign": false, "starting_at": "2025-01-30T00:00:00+00:00", "ending_at": "2099-12-31T00:00:00+00:00", "deposit": null, "compare_unit": "kg", "compare_unit_price": 23.95, "consumption_unit": null, "consumption_quantity": null}], "temperature_zone": "refrigerated_5_degrees_celsius", "is_self_scale_item": false, "is_weight_item": false, "is_available_in_all_stores": true, "is_batch_item": false}
{"id": 215664, "name": "SQUASH NUL SUKKER", "underline": "1.5 LTR. / HARBOE", "age_limit": null, "hazard_precaution_statements": [], "labels": [{"id": 9001, "name": "Avisvare", "image": "https://static-assets.digital.rema1000.dk/product/labels/9001-64.webp"}, {"id": 31, "name": "Ikke tilsat sukker", "image": "https://static-assets.digital.rema1000.dk/product/labels/31-64.webp"}], "description": null, "info": "", "images": [{"small": "https://rema-product-images.digital.rema1000.dk/215664/1-small-AKqeLwrOop.webp", "medium": "https://rema-product-images.digital.rema1000.dk/215664/1-medium-AKqeLwrOop.webp", "large": "https://rema-product-images.digital.rema1000.dk/215664/1-large-AKqeLwrOop.webp"}], "prices": [{"price": 5, "price_over_max_quantity": null, "max_quantity": null, "is_advertised": true, "is_campaign": true, "starting_at": "2025-08-17T00:00:00+00:00", "ending_at": "2025-08-23T00:00:00+00:00", "deposit": 3, "compare_unit": "ltr", "compare_unit_price": 3.33, "consumption_unit": null, "consumption_quantity": null}, {"price": 6.4, "price_over_max_quantity": null, "max_quantity": null, "is_advertised": false, "is_campaign": false, "starting_at": "2025-08-24T00:00:00+00:00", "ending_at": "2099-12-31T00:00:00+00:00", "deposit": 3, "compare_unit": "ltr", "compare_unit_price": 4.27, "consumption_unit": null, "consumption_quantity": null}], "temperature_zone": null, "is_self_scale_item": false, "is_weight_item": false, "is_available_in_all_stores": false, "is_batch_item": false}
{"id": 21567, "name": "NATUREL YOGHURT 0,5%", "underline": "1 KG. / ARLA, ØKOLOGISK", "age_limit": null, "hazard_precaution_statements": [], "labels": [{"id": 6, "name": "Økologi", "image": "https://static-assets.digital.rema1000.dk/product/labels/6-64.webp"}, {"id": 40, "name": "Nøglehul", "image": "https://static-assets.digital.rema1000.dk/product/labels/40-64.webp"}, {"id": 203, "name": "Bedre dyrevelfærd 3", "image": "https://static-assets.digital.rema1000.dk/product/labels/203-64.webp"}], "description": null, "info": "", "images": [{"small": "https://rema-product-images.digital.rema1000.dk/21567/1-small-MNqZdvlPA7.webp", "medium": "https://rema-product-images.digital.rema1000.dk/21567/1-medium-MNqZdvlPA7.webp", "large": "https://rema-product-images.digital.rema1000.dk/21567/1-large-MNqZdvlPA7.webp"}], "prices": [{"price": 19.95, "price_over_max_quantity": null, "max_quantity": null, "is_advertised": false, "is_campaign": false, "starting_at": "2025-01-30T00:00:00+00:00", "ending_at": "2099-12-31T00:00:00+00:00", "deposit": null, "compare_unit": "kg", "compare_unit_price": 19.95, "consumption_unit": null, "consumption_quantity": null}], "temperature_zone": "refrigerated_5_degrees_celsius", "is_self_scale_item": false, "is_weight_item": false, "is_available_in_all_stores": true, "is_batch_item": false}
{"id": 215677, "name": "HARBOE EXOTIC", "underline": "1.5 LTR. / NUL SUKKER", "age_limit": null, "hazard_precaution_statements": [], "labels": [{"id": 9001, "name": "Avisvare", "image": "https://static-assets.digital.rema1000.dk/product/labels/9001-64.webp"}, {"id": 31, "name": "Ikke tilsat sukker", "image": "https://static-assets.digital.rema1000.dk/product/labels/31-64.webp"}], "description": null, "info": "", "images": [{"small": "https://rema-product-images.digital.rema1000.dk/215677/1-small-YLPj78V6ok.webp", "medium": "https://rema-product-images.digital.rema1000.dk/215677/1-medium-YLPj78V6ok.webp", "large": "https://rema-product-images.digital.rema1000.dk/215677/1-large-YLPj78V6ok.webp"}], "prices": [{"price": 5, "price_over_max_quantity": null, "max_quantity": null, "is_advertised": true, "is_campaign": true, "starting_at": "2025-08-17T00:00:00+00:00", "ending_at": "2025-08-23T00:00:00+00:00", "deposit": 3, "compare_unit": "ltr", "compare_unit_price": 3.33, "consumption_unit": null, "consumption_quantity": null}, {"price": 6.4, "price_over_max_quantity": null, "max_quantity": null, "is_advertised": false, "is_campaign": false, "starting_at": "2025-08-24T00:00:00+00:00", "ending_at": "2099-12-31T00:00:00+00:00", "deposit": 3, "compare_unit": "ltr", "compare_unit_price": 4.27, "consumption_unit": null, "consumption_quantity": null}], "temperature_zone": null, "is_self_scale_item": false, "is_weight_item": false, "is_available_in_all_stores": true, "is_batch_item": false}
{"id": 21569, "name": "PÆRE & BANAN 0,4%", "underline": "1 LTR. / ARLA, YOGHURT", "age_limit": null, "hazard_precaution_statements": [], "labels": [{"id": 5, "name": "Økologi", "image": "https://static-assets.digital.rema1000.dk/product/labels/5-64.webp"}, {"id": 6, "name": "Økologi", "image": "https://static-assets.digital.rema1000.dk/product/labels/6-64.webp"}, {"id": 70, "name": "Dansk", "image": "https://static-assets.digital.rema1000.dk/product/labels/70-64.webp"}, {"id": 203, "name": "Bedre dyrevelfærd 3", "image": "https://static-assets.digital.rema1000.dk/product/labels/203-64.webp"}], "description": null, "info": "", "images": [{"small": "https://rema-product-images.digital.rema1000.dk/21569/1-small-Ea911wj9zY.webp", "medium": "https://rema-product-images.digital.rema1000.dk/21569/1-medium-Ea911wj9zY.webp", "large": "https://rema-product-images.digital.rema1000.dk/21569/1-large-Ea911wj9zY.webp"}], "prices": [{"price": 23.95, "price_over_max_quantity": null, "max_quantity": null, "is_advertised": false, "is_campaign": false, "starting_at": "2025-01-30T00:00:00+00:00", "ending_at": "2099-12-31T00:00:00+00:00", "deposit": null, "compare_unit": "ltr", "compare_unit_price": 23.95, "consumption_unit": null, "consumption_quantity": null}], "temperature_zone": "refrigerated_5_degrees_celsius", "is_self_scale_item": false, "is_weight_item": false, "is_available_in_all_stores": true, "is_batch_item": false}
{"id": 215750, "name": "EXOTIC NUL SUKKER", "underline": "33 CL. / HARBOE", "age_limit": null, "hazard_precaution_statements": [], "labels": [], "description": null, "info": "", "images": [{"small": "https://rema-product-images.digital.rema1000.dk/215750/1-small-vVorQmnJP3.webp", "medium": "https://rema-product-images.digital.rema1000.dk/215750/1-medium-vVorQmnJP3.webp", "large": "https://rema-product-images.digital.rema1000.dk/215750/1-large-vVorQmnJP3.webp"}], "prices": [{"price": 3.4, "price_over_max_quantity": null, "max_quantity": null, "is_advertised": false, "is_campaign": false, "starting_at": "2025-02-06T00:00:00+00:00", "ending_at": "2025-08-20T00:00:00+00:00", "deposit": 1, "compare_unit": "ltr", "compare_unit_price": 10.3, "consumption_unit": null, "consumption_quantity": null}], "temperature_zone": null, "is_self_scale_item": false, "is_weight_item": false, "is_available_in_all_stores": false, "is_batch_item": false}
{"id": 215754, "name": "ABRIKOSBRUS NUL", "underline": "33 CL. / HARBOE", "age_limit": null, "hazard_precaution_statements": [], "labels": [], "description": null, "info": "", "images": [{"small": "https://rema-product-images.digital.rema1000.dk/215754/1-small-Al903AX7q8.webp", "medium": "https://rema-product-images.digital.rema1000.dk/215754/1-medium-Al903AX7q8.webp", "large": "https://rema-product-images.digital.rema1000.dk/215754/1-large-Al903AX7q8.webp"}], "prices": [{"price": 3.4, "price_over_max_quantity": null, "max_quantity": null, "is_advertised": false, "is_campaign": false, "starting_at": "2025-02-06T00:00:00+00:00", "ending_at": "2025-08-20T00:00:00+00:00", "deposit": 1, "compare_unit": "ltr", "compare_unit_price": 10.3, "consumption_unit": null, "consumption_quantity": null}], "temperature_zone": null, "is_self_scale_item": false, "is_weight_item": false, "is_available_in_all_stores": true, "is_batch_item": false}
{"id": 21646, "name": "KÆRGÅRDEN SMØRBAR", "underline": "200 GR. / ØKOLOGISK", "age_limit": null, "hazard_precaution_statements": [], "labels": [{"id": 9001, "name": "Avisvare", "image": "https://static-assets.digital.rema1000.dk/product/labels/9001-64.webp"}, {"id": 6, "name": "Økologi", "image": "https://static-assets.digital.rema1000.dk/product/labels/6-64.webp"}], "description": null, "info": "", "images": [{"small": "https://rema-product-images.digital.rema1000.dk/21646/1-small-kAonxXb9x8.webp", "medium": "https://rema-product-images.digital.rema1000.dk/21646/1-medium-kAonxXb9x8.webp", "large": "https://rema-product-images.digital.rema1000.dk/21646/1-large-kAonxXb9x8.webp"}], "prices": [{"price": 20, "price_over_max_quantity": null, "max_quantity": null, "is_advertised": true, "is_campaign": true, "starting_at": "2025-08-17T00:00:00+00:00", "ending_at": "2025-08-23T00:00:00+00:00", "deposit": null, "compare_unit": "kg", "compare_unit_price": 100, "consumption_unit": null, "consumption_quantity": null}, {"price": 30.95, "price_over_max_quantity": null, "max_quantity": null, "is_advertised": false, "is_campaign": false, "starting_at": "2025-08-24T00:00:00+00:00", "ending_at": "2099-12-31T00:00:00+00:00", "deposit": null, "compare_unit": "kg", "compare_unit_price": 154.75, "consumption_unit": null, "consumption_quantity": null}], "temperature_zone": "refrigerated_5_degrees_celsius", "is_self_scale_item": false, "is_weight_item": false, "is_available_in_all_stores": false, "is_batch_item": false}
{"id": 21649, "name": "SMØR", "underline": "200 GR. / ARLA, ØKOLOGISK", "age_limit": null, "hazard_precaution_statements": [], "labels": [{"id": 9001, "name": "Avisvare", "image": "https://static-assets.digital.rema1000.dk/product/labels/9001-64.webp"}, {"id": 6, "name": "Økologi", "image": "https://static-assets.digital.rema1000.dk/product/labels/6-64.webp"}], "description": null, "info": "", "images": [{"small": "https://rema-product-images.digital.rema1000.dk/21649/1-small-xQq84EgqZd.webp", "medium": "https://rema-product-images.digital.rema1000.dk/21649/1-medium-xQq84EgqZd.webp", "large": "https://rema-product-images.digital.rema1000.dk/21649/1-large-xQq84EgqZd.webp"}], "prices": [{"price": 20, "price_over_max_quantity": null, "max_quantity": null, "is_advertised": true, "is_campaign": true, "starting_at": "2025-08-17T00:00:00+00:00", "ending_at": "2025-08-23T00:00:00+00:00", "deposit": null, "compare_unit": "kg", "compare_unit_price": 100, "consumption_unit": null, "consumption_quantity": null}, {"price": 28.95, "price_over_max_quantity": null, "max_quantity": null, "is_advertised": false, "is_campaign": false, "starting_at": "2025-08-24T00:00:00+00:00", "ending_at": "2099-12-31T00:00:00+00:00", "deposit": null, "compare_unit": "kg", "compare_unit_price": 144.75, "consumption_unit": null, "consumption_quantity": null}], "temperature_zone": "refrigerated_5_degrees_celsius", "is_self_scale_item": false, "is_weight_item": false, "is_available_in_all_stores": false, "is_batch_item": false}
{"id": 21810, "name": "PISKEFLØDE 36%", "underline": "250 ML. / ARLA, LACTOFREE", "age_limit": null, "hazard_precaution_statements": [], "labels": [{"id": 37, "name": "Laktose fri", "image": "https://static-assets.digital.rema1000.dk/product/labels/37-64.webp"}], "description": null, "info": "", "images": [{"small": "https://rema-product-images.digital.rema1000.dk/21810/1-small-Al90aaRP8w.webp", "medium": "https://rema-product-images.digital.rema1000.dk/21810/1-medium-Al90aaRP8w.webp", "large": "https://rema-product-images.digital.rema1000.dk/21810/1-large-Al90aaRP8w.webp"}], "prices": [{"price": 16.5, "price_over_max_quantity": null, "max_quantity": null, "is_advertised": false, "is_campaign": false, "starting_at": "2025-01-30T00:00:00+00:00", "ending_at": "2099-12-31T00:00:00+00:00", "deposit": null, "compare_unit": "ltr", "compare_unit_price": 66, "consumption_unit": null, "consumption_quantity": null}], "temperature_zone": "refrigerated_5_degrees_celsius", "is_self_scale_item": false, "is_weight_item": false, "is_available_in_all_stores": true, "is_batch_item": false}
{"id": 21816, "name": "FLØDESKUM PÅ DÅSE", "underline": "250 GR. / PRÉSIDENT, UDEN SUKKER", "age_limit": null, "hazard_precaution_statements": ["Beholder under tryk. Kan sprænges ved opvarmning.", "Holdes væk fra varme, varme overflader, gnister, åben ild og andre antændelseskilder. Rygning forbudt.", "Beskyttes mod sollys. Må ikke udsættes for en temperatur, som overstiger 50 °C/122 °F.", "Må ikke punkteres eller brændes, heller ikke efter brug."], "labels": [], "description": null, "info": "", "images": [{"small": "https://rema-product-images.digital.rema1000.dk/21816/1-small-6xqAaaYqDr.webp", "medium": "https://rema-product-images.digital.rema1000.dk/21816/1-medium-6xqAaaYqDr.webp", "large": "https://rema-product-images.digital.rema1000.dk/21816/1-large-6xqAaaYqDr.webp"}], "prices": [{"price": 24.95, "price_over_max_quantity": null, "max_quantity": null, "is_advertised": false, "is_campaign": false, "starting_at": "2025-01-30T00:00:00+00:00", "ending_at": "2099-12-31T00:00:00+00:00", "deposit": null, "compare_unit": "kg", "compare_unit_price": 99.8, "consumption_unit": null, "consumption_quantity": null}], "temperature_zone": "refrigerated_5_degrees_celsius", "is_self_scale_item": false, "is_weight_item": false, "is_available_in_all_stores": true, "is_batch_item": false}
{"id": 218518, "name": "ÆBLECIDER 0,8%", "underline": "1.5 LTR. / HARBOE", "age_limit": null, "hazard_precaution_statements": [], "labels": [], "description": null, "info": "", "images": [{"small": "https://rema-product-images.digital.rema1000.dk/218518/1-small-2B94YBrOPk.webp", "medium": "https://rema-product-images.digital.rema1000.dk/218518/1-medium-2B94YBrOPk.webp", "large": "https://rema-product-images.digital.rema1000.dk/218518/1-large-2B94YBrOPk.webp"}], "prices": [{"price": 15, "price_over_max_quantity": null, "max_quantity": null, "is_advertised": false, "is_campaign": false, "starting_at": "2025-01-02T00:00:00+00:00", "ending_at": "2099-12-31T00:00:00+00:00", "deposit": 3, "compare_unit": "ltr", "compare_unit_price": 10, "consumption_unit": null, "consumption_quantity": null}], "temperature_zone": null, "is_self_scale_item": false, "is_weight_item": false, "is_available_in_all_stores": true, "is_batch_item": false}
{"id": 21878, "name": "MADLAVNINGSFLØDE 8%", "underline": "250 ML. / KAROLINES KØKKEN", "age_limit": null, "hazard_precaution_statements": [], "labels": [{"id": 70, "name": "Dansk", "image": "https://static-assets.digital.rema1000.dk/product/labels/70-64.webp"}], "description": "Frisk madlavningsfløde  Arla Karolines Køkken madlavningsfløde indeholder kun 8% fedt. Den har en let, frisk flødesmag og er lavet af fløde og hvedemel.  Tilsætningen af hvedemel betyder, at fløden ikke skiller ved opvarmning, og den kan derfor bruges til jævning i det varme køkken. Madlavningsfløden er ideel til supper, saucer og sammenkogte retter, hvor du ønsker at spare på fedtet, men ikke vil gå på kompromis med den gode flødesmag.", "info": "", "images": [{"small": "https://rema-product-images.digital.rema1000.dk/21878/1-small-yLqGlgd9d4.webp", "medium": "https://rema-product-images.digital.rema1000.dk/21878/1-medium-yLqGlgd9d4.webp", "large": "https://rema-product-images.digital.rema1000.dk/21878/1-large-yLqGlgd9d4.webp"}], "prices": [{"price": 14.25, "price_over_max_quantity": null, "max_quantity": null, "is_advertised": false, "is_campaign": false, "starting_at": "2025-01-30T00:00:00+00:00", "ending_at": "2025-08-27T00:00:00+00:00", "deposit": null, "compare_unit": "ltr", "compare_unit_price": 57, "consumption_unit": null, "consumption_quantity": null}], "temperature_zone": "refrigerated_5_degrees_celsius", "is_self_scale_item": false, "is_weight_item": false, "is_available_in_all_stores": false, "is_batch_item": false}
{"id": 21879, "name": "MADLAVNINGSFLØDE 15%", "underline": "0.5 LTR. / KAROLINES KØKKEN", "age_limit": null, "hazard_precaution_statements": [], "labels": [{"id": 70, "name": "Dansk", "image": "https://static-assets.digital.rema1000.dk/product/labels/70-64.webp"}], "description": null, "info": "", "images": [{"small": "https://rema-product-images.digital.rema1000.dk/21879/1-small-Gb9kEjEo75.webp", "medium": "https://rema-product-images.digital.rema1000.dk/21879/1-medium-Gb9kEjEo75.webp", "large": "https://rema-product-images.digital.rema1000.dk/21879/1-large-Gb9kEjEo75.webp"}], "prices": [{"price": 24.95, "price_over_max_quantity": null, "max_quantity": null, "is_advertised": false, "is_campaign": false, "starting_at": "2025-01-30T00:00:00+00:00", "ending_at": "2025-09-17T00:00:00+00:00", "deposit": null, "compare_unit": "ltr", "compare_unit_price": 49.9, "consumption_unit": null, "consumption_quantity": null}], "temperature_zone": "refrigerated_5_degrees_celsius", "is_self_scale_item": false, "is_weight_item": false, "is_available_in_all_stores": true, "is_batch_item": false}
{"id": 21890, "name": "CREMEFINE 19%", "underline": "250 ML. / TIL PISKNING", "age_limit": null, "hazard_precaution_statements": [], "labels": [], "description": null, "info": "", "images": [{"small": "https://rema-product-images.digital.rema1000.dk/21890/1-small-kAonxe59x8.webp", "medium": "https://rema-product-images.digital.rema1000.dk/21890/1-medium-kAonxe59x8.webp", "large": "https://rema-product-images.digital.rema1000.dk/21890/1-large-kAonxe59x8.webp"}], "prices": [{"price": 15.95, "price_over_max_quantity": null, "max_quantity": null, "is_advertised": false, "is_campaign": false, "starting_at": "2025-06-01T00:00:00+00:00", "ending_at": "2025-08-20T00:00:00+00:00", "deposit": null, "compare_unit": "ltr", "compare_unit_price": 63.8, "consumption_unit": null, "consumption_quantity": null}], "temperature_zone": "refrigerated_5_degrees_celsius", "is_self_scale_item": false, "is_weight_item": false, "is_available_in_all_stores": true, "is_batch_item": true}
{"id": 21894, "name": "CREMEFINE 7%", "underline": "250 ML. / GOD TIL MADLAVNING", "age_limit": null, "hazard_precaution_statements": [], "labels": [], "description": null, "info": "", "images": [{"small": "https://rema-product-images.digital.rema1000.dk/21894/1-small-vVorxNv93z.webp", "medium": "https://rema-product-images.digital.rema1000.dk/21894/1-medium-vVorxNv93z.webp", "large": "https://rema-product-images.digital.rema1000.dk/21894/1-large-vVorxNv93z.webp"}], "prices": [{"price": 15.95, "price_over_max_quantity": null, "max_quantity": null, "is_advertised": false, "is_campaign": false, "starting_at": "2022-06-23T00:00:00+00:00", "ending_at": "2025-08-20T00:00:00+00:00", "deposit": null, "compare_unit": "ltr", "compare_unit_price": 63.8, "consumption_unit": null, "consumption_quantity": null}], "temperature_zone": "refrigerated_5_degrees_celsius", "is_self_scale_item": false, "is_weight_item": false, "is_available_in_all_stores": true, "is_batch_item": false}
{"id": 21895, "name": "CREMEFINE 15%", "underline": "250 ML. / GOD TIL MADLAVNING", "age_limit": null, "hazard_precaution_statements": [], "labels": [], "description": null, "info": "", "images": [{"small": "https://rema-product-images.digital.rema1000.dk/21895/1-small-v09gxOePAW.webp", "medium": "https://rema-product-images.digital.rema1000.dk/21895/1-medium-v09gxOePAW.webp", "large": "https://rema-product-images.digital.rema1000.dk/21895/1-large-v09gxOePAW.webp"}], "prices": [{"price": 15.95, "price_over_max_quantity": null, "max_quantity": null, "is_advertised": false, "is_campaign": false, "starting_at": "2022-06-23T00:00:00+00:00", "ending_at": "2025-08-20T00:00:00+00:00", "deposit": null, "compare_unit": "ltr", "compare_unit_price": 63.8, "consumption_unit": null, "consumption_quantity": null}], "temperature_zone": "refrigerated_5_degrees_celsius", "is_self_scale_item": false, "is_weight_item": false, "is_available_in_all_stores": false, "is_batch_item": false}
{"id": 21896, "name": "FLØDEALTERNATIV", "underline": "250 ML. / OMA TIL MADLAVNING 4%", "age_limit": null, "hazard_precaution_statements": [], "labels": [{"id": 40, "name": "Nøglehul", "image": "https://static-assets.digital.rema1000.dk/product/labels/40-64.webp"}], "description": null, "info": "", "images": [{"small": "https://rema-product-images.digital.rema1000.dk/21896/1-small-NpP74mloOl.webp", "medium": "https://rema-product-images.digital.rema1000.dk/21896/1-medium-NpP74mloOl.webp", "large": "https://rema-product-images.digital.rema1000.dk/21896/1-large-NpP74mloOl.webp"}], "prices": [{"price": 8.95, "price_over_max_quantity": null, "max_quantity": null, "is_advertised": false, "is_campaign": false, "starting_at": "2023-08-10T00:00:00+00:00", "ending_at": "2025-09-06T00:00:00+00:00", "deposit": null, "compare_unit": "ltr", "compare_unit_price": 35.8, "consumption_unit": null, "consumption_quantity": null}], "temperature_zone": "refrigerated_5_degrees_celsius", "is_self_scale_item": false, "is_weight_item": false, "is_available_in_all_stores": true, "is_batch_item": false}
{"id": 21901, "name": "KAFFEFLØDE 10%", "underline": "250 ML. / ARLA, UHT", "age_limit": null, "hazard_precaution_statements": [], "labels": [], "description": null, "info": "", "images": [{"small": "https://rema-product-images.digital.rema1000.dk/21901/1-small-ElPBanJ9kG.webp", "medium": "https://rema-product-images.digital.rema1000.dk/21901/1-medium-ElPBanJ9kG.webp", "large": "https://rema-product-images.digital.rema1000.dk/21901/1-large-ElPBanJ9kG.webp"}], "prices": [{"price": 8.95, "price_over_max_quantity": null, "max_quantity": null, "is_advertised": false, "is_campaign": false, "starting_at": "2025-01-30T00:00:00+00:00", "ending_at": "2099-12-31T00:00:00+00:00", "deposit": null, "compare_unit": "ltr", "compare_unit_price": 35.8, "consumption_unit": null, "consumption_quantity": null}], "temperature_zone": "refrigerated_5_degrees_celsius", "is_self_scale_item": false, "is_weight_item": false, "is_available_in_all_stores": true, "is_batch_item": false}
{"id": 219015, "name": "SOMERSBY CIDER 4,5%", "underline": "33 CL. / APPLE", "age_limit": 16, "hazard_precaution_statements": [], "labels": [], "description": "I England har man brygget æblecider i umindelige tider, Og den stolte tradition er udgangspunktet for udviklingen af Somersby Apple Cider, Dog har vi tilpasset vores cider til den danske smag, I aromaen oplever du en duft af dejlige solmodne  sommeræbler, og smagen afsluttes med en behagelig syre, Somersby Apple Cider er meget forfriskende, især når du nyder den iskold og over is - 4,5%", "info": "", "images": [{"small": "https://rema-product-images.digital.rema1000.dk/219015/1-small-KpqRjWv3qL.webp", "medium": "https://rema-product-images.digital.rema1000.dk/219015/1-medium-KpqRjWv3qL.webp", "large": "https://rema-product-images.digital.rema1000.dk/219015/1-large-KpqRjWv3qL.webp"}], "prices": [{"price": 14.5, "price_over_max_quantity": null, "max_quantity": null, "is_advertised": false, "is_campaign": false, "starting_at": "2024-01-04T00:00:00+00:00", "ending_at": "2099-12-31T00:00:00+00:00", "deposit": 1, "compare_unit": "ltr", "compare_unit_price": 43.94, "consumption_unit": null, "consumption_quantity": null}], "temperature_zone": null, "is_self_scale_item": false, "is_weight_item": false, "is_available_in_all_stores": true, "is_batch_item": false}
{"id": 219026, "name": "YELLOW DREAM 4%", "underline": "25 CL. / MANGO PASSION", "age_limit": 16, "hazard_precaution_statements": [], "labels": [], "description": null, "info": "", "images": [{"small": "https://rema-product-images.digital.rema1000.dk/219026/1-small-kOq33ZX8q6.webp", "medium": "https://rema-product-images.digital.rema1000.dk/219026/1-medium-kOq33ZX8q6.webp", "large": "https://rema-product-images.digital.rema1000.dk/219026/1-large-kOq33ZX8q6.webp"}], "prices": [{"price": 10, "price_over_max_quantity": null, "max_quantity": null, "is_advertised": false, "is_campaign": false, "starting_at": "2022-03-02T00:00:00+00:00", "ending_at": "2099-12-31T00:00:00+00:00", "deposit": 1, "compare_unit": "ltr", "compare_unit_price": 40, "consumption_unit": null, "consumption_quantity": null}], "temperature_zone": null, "is_self_scale_item": false, "is_weight_item": false, "is_available_in_all_stores": true, "is_batch_item": false}
{"id": 219036, "name": "RED LOVE 4,4%", "underline": "25 CL. / RTD", "age_limit": 16, "hazard_precaution_statements": [], "labels": [], "description": null, "info": "", "images": [{"small": "https://rema-product-images.digital.rema1000.dk/219036/1-small-7doLwm0rP6.webp", "medium": "https://rema-product-images.digital.rema1000.dk/219036/1-medium-7doLwm0rP6.webp", "large": "https://rema-product-images.digital.rema1000.dk/219036/1-large-7doLwm0rP6.webp"}], "prices": [{"price": 10, "price_over_max_quantity": null, "max_quantity": null, "is_advertised": false, "is_campaign": false, "starting_at": "2023-09-05T00:00:00+00:00", "ending_at": "2099-12-31T00:00:00+00:00", "deposit": 1, "compare_unit": "ltr", "compare_unit_price": 40, "consumption_unit": null, "consumption_quantity": null}], "temperature_zone": null, "is_self_scale_item": false, "is_weight_item": false, "is_available_in_all_stores": true, "is_batch_item": false}
{"id": 21927, "name": "PISKEFLØDE 36% FEDT", "underline": "0.5 LTR. / REMA 1000", "age_limit": null, "hazard_precaution_statements": [], "labels": [{"id": 2, "name": "REMA1000", "image": "https://static-assets.digital.rema1000.dk/product/labels/2-64.webp"}, {"id": 70, "name": "Dansk", "image": "https://static-assets.digital.rema1000.dk/product/labels/70-64.webp"}], "description": null, "info": "", "images": [{"small": "https://rema-product-images.digital.rema1000.dk/21927/1-small-OW9Ol74PgE.webp", "medium": "https://rema-product-images.digital.rema1000.dk/21927/1-medium-OW9Ol74PgE.webp", "large": "https://rema-product-images.digital.rema1000.dk/21927/1-large-OW9Ol74PgE.webp"}], "prices": [{"price": 28.95, "price_over_max_quantity": null, "max_quantity": null, "is_advertised": false, "is_campaign": false, "starting_at": "2025-01-30T00:00:00+00:00", "ending_at": "2099-12-31T00:00:00+00:00", "deposit": null, "compare_unit": "ltr", "compare_unit_price": 57.9, "consumption_unit": null, "consumption_quantity": null}], "temperature_zone": "refrigerated_5_degrees_celsius", "is_self_scale_item": false, "is_weight_item": false, "is_available_in_all_stores": true, "is_batch_item": false}
{"id": 21934, "name": "CHEASY FRAICHE 5%", "underline": "250 GR.", "age_limit": null, "hazard_precaution_statements": [], "labels": [{"id": 40, "name": "Nøglehul", "image": "https://static-assets.digital.rema1000.dk/product/labels/40-64.webp"}], "description": null, "info": "", "images": [{"small": "https://rema-product-images.digital.rema1000.dk/21934/1-small-yLqGlwK9d4.webp", "medium": "https://rema-product-images.digital.rema1000.dk/21934/1-medium-yLqGlwK9d4.webp", "large": "https://rema-product-images.digital.rema1000.dk/21934/1-large-yLqGlwK9d4.webp"}], "prices": [{"price": 10.95, "price_over_max_quantity": null, "max_quantity": null, "is_advertised": false, "is_campaign": false, "starting_at": "2025-02-10T00:00:00+00:00", "ending_at": "2099-12-31T00:00:00+00:00", "deposit": null, "compare_unit": "kg", "compare_unit_price": 43.8, "consumption_unit": null, "consumption_quantity": null}], "temperature_zone": "refrigerated_5_degrees_celsius", "is_self_scale_item": false, "is_weight_item": false, "is_available_in_all_stores": false, "is_batch_item": false}
{"id": 21937, "name": "FRAICHE 13%", "underline": "200 GR. / ARLA, LACTOFREE", "age_limit": null, "hazard_precaution_statements": [], "labels": [{"id": 37, "name": "Laktose fri", "image": "https://static-assets.digital.rema1000.dk/product/labels/37-64.webp"}], "description": null, "info": "", "images": [{"small": "https://rema-product-images.digital.rema1000.dk/21937/1-small-JzPJlMYqkb.webp", "medium": "https://rema-product-images.digital.rema1000.dk/21937/1-medium-JzPJlMYqkb.webp", "large": "https://rema-product-images.digital.rema1000.dk/21937/1-large-JzPJlMYqkb.webp"}], "prices": [{"price": 12.5, "price_over_max_quantity": null, "max_quantity": null, "is_advertised": false, "is_campaign": false, "starting_at": "2025-01-30T00:00:00+00:00", "ending_at": "2099-12-31T00:00:00+00:00", "deposit": null, "compare_unit": "kg", "compare_unit_price": 62.5, "consumption_unit": null, "consumption_quantity": null}], "temperature_zone": "refrigerated_5_degrees_celsius", "is_self_scale_item": false, "is_weight_item": false, "is_available_in_all_stores": false, "is_batch_item": false}
{"id": 220017, "name": "ØKOLOGISKE ÆG", "underline": "8 STK. / REMA 1000 STR. M/L", "age_limit": null, "hazard_precaution_statements": [], "labels": [{"id": 2, "name": "REMA1000", "image": "https://static-assets.digital.rema1000.dk/product/labels/2-64.webp"}, {"id": 5, "name": "Økologi", "image": "https://static-assets.digital.rema1000.dk/product/labels/5-64.webp"}, {"id": 6, "name": "Økologi", "image": "https://static-assets.digital.rema1000.dk/product/labels/6-64.webp"}], "description": null, "info": "", "images": [{"small": "https://rema-product-images.digital.rema1000.dk/220017/1-small-Z8qppm3Gq3.webp", "medium": "https://rema-product-images.digital.rema1000.dk/220017/1-medium-Z8qppm3Gq3.webp", "large": "https://rema-product-images.digital.rema1000.dk/220017/1-large-Z8qppm3Gq3.webp"}], "prices": [{"price": 29.5, "price_over_max_quantity": null, "max_quantity": null, "is_advertised": false, "is_campaign": false, "starting_at": "2025-03-27T00:00:00+00:00", "ending_at": "2099-12-31T00:00:00+00:00", "deposit": null, "compare_unit": "stk", "compare_unit_price": 3.69, "consumption_unit": null, "consumption_quantity": null}], "temperature_zone": "refrigerated_5_degrees_celsius", "is_self_scale_item": false, "is_weight_item": false, "is_available_in_all_stores": true, "is_batch_item": false}
{"id": 220018, "name": "SLOTSÆG", "underline": "6 STK. / VALLØ", "age_limit": null, "hazard_precaution_statements": [], "labels": [{"id": 5, "name": "Økologi", "image": "https://static-assets.digital.rema1000.dk/product/labels/5-64.webp"}, {"id": 6, "name": "Økologi", "image": "https://static-assets.digital.rema1000.dk/product/labels/6-64.webp"}], "description": null, "info": "", "images": [{"small": "https://rema-product-images.digital.rema1000.dk/220018/1-small-2B94Ydy8Pk.webp", "medium": "https://rema-product-images.digital.rema1000.dk/220018/1-medium-2B94Ydy8Pk.webp", "large": "https://rema-product-images.digital.rema1000.dk/220018/1-large-2B94Ydy8Pk.webp"}], "prices": [{"price": 28, "price_over_max_quantity": null, "max_quantity": null, "is_advertised": false, "is_campaign": false, "starting_at": "2024-08-15T00:00:00+00:00", "ending_at": "2099-12-31T00:00:00+00:00", "deposit": null, "compare_unit": "stk", "compare_unit_price": 4.67, "consumption_unit": null, "consumption_quantity": null}], "temperature_zone": "refrigerated_5_degrees_celsius", "is_self_scale_item": false, "is_weight_item": false, "is_available_in_all_stores": true, "is_batch_item": false}
{"id": 220032, "name": "SKRABEÆG", "underline": "15 STK. / STR. S/M", "age_limit": null, "hazard_precaution_statements": [], "labels": [], "description": null, "info": "", "images": [{"small": "https://rema-product-images.digital.rema1000.dk/220032/1-small-nDPWzyBK9W.webp", "medium": "https://rema-product-images.digital.rema1000.dk/220032/1-medium-nDPWzyBK9W.webp", "large": "https://rema-product-images.digital.rema1000.dk/220032/1-large-nDPWzyBK9W.webp"}], "prices": [{"price": 37.95, "price_over_max_quantity": null, "max_quantity": null, "is_advertised": false, "is_campaign": false, "starting_at": "2025-01-30T00:00:00+00:00", "ending_at": "2099-12-31T00:00:00+00:00", "deposit": null, "compare_unit": "stk", "compare_unit_price": 2.53, "consumption_unit": null, "consumption_quantity": null}], "temperature_zone": "refrigerated_5_degrees_celsius", "is_self_scale_item": false, "is_weight_item": false, "is_available_in_all_stores": true, "is_batch_item": false}
{"id": 220039, "name": "ÆGGEHVIDER", "underline": "230 GR. / DAVA", "age_limit": null, "hazard_precaution_statements": [], "labels": [], "description": "Pasteuriserede æggehvider af skrabeæg. Ca 7 hvider per flaske.<br />", "info": "", "images": [{"small": "https://rema-product-images.digital.rema1000.dk/220039/1-small-zOPll8zwPR.webp", "medium": "https://rema-product-images.digital.rema1000.dk/220039/1-medium-zOPll8zwPR.webp", "large": "https://rema-product-images.digital.rema1000.dk/220039/1-large-zOPll8zwPR.webp"}], "prices": [{"price": 19.95, "price_over_max_quantity": null, "max_quantity": null, "is_advertised": false, "is_campaign": false, "starting_at": "2025-01-30T00:00:00+00:00", "ending_at": "2099-12-31T00:00:00+00:00", "deposit": null, "compare_unit": "kg", "compare_unit_price": 86.74, "consumption_unit": null, "consumption_quantity": null}], "temperature_zone": "refrigerated_5_degrees_celsius", "is_self_scale_item": false, "is_weight_item": false, "is_available_in_all_stores": true, "is_batch_item": false}
{"id": 220043, "name": "ÆGGEBLOMMER", "underline": "230 GR. / DAVA", "age_limit": null, "hazard_precaution_statements": [], "labels": [], "description": "Pasteuriserede æggeblommer af skrabeæg. 11 blommer per flaske.<br />", "info": "", "images": [{"small": "https://rema-product-images.digital.rema1000.dk/220043/1-small-dyomlrZMPV.webp", "medium": "https://rema-product-images.digital.rema1000.dk/220043/1-medium-dyomlrZMPV.webp", "large": "https://rema-product-images.digital.rema1000.dk/220043/1-large-dyomlrZMPV.webp"}], "prices": [{"price": 19.95, "price_over_max_quantity": null, "max_quantity": null, "is_advertised": false, "is_campaign": false, "starting_at": "2025-01-30T00:00:00+00:00", "ending_at": "2099-12-31T00:00:00+00:00", "deposit": null, "compare_unit": "kg", "compare_unit_price": 86.74, "consumption_unit": null, "consumption_quantity": null}], "temperature_zone": "refrigerated_5_degrees_celsius", "is_self_scale_item": false, "is_weight_item": false, "is_available_in_all_stores": true, "is_batch_item": false}
{"id": 22006, "name": "A38 NATUREL 0,4%", "underline": "1 KG. / ARLA CULTURA, ØKOLOGISK", "age_limit": null, "hazard_precaution_statements": [], "labels": [{"id": 6, "name": "Økologi", "image": "https://static-assets.digital.rema1000.dk/product/labels/6-64.webp"}, {"id": 40, "name": "Nøglehul", "image": "https://static-assets.digital.rema1000.dk/product/labels/40-64.webp"}, {"id": 70, "name": "Dansk", "image": "https://static-assets.digital.rema1000.dk/product/labels/70-64.webp"}, {"id": 203, "name": "Bedre dyrevelfærd 3", "image": "https://static-assets.digital.rema1000.dk/product/labels/203-64.webp"}], "description": "Arla A38® naturel 1,5% har en let, cremet konsistens med en blank overflade. Smagen er frisk og let syrlig. Arla A38® 1,5% er en naturlig del af et sundt morgenmåltid. Indeholder mælkesyrekulturer. Også god til dressinger, koldskål og i bagværk.", "info": "", "images": [{"small": "https://rema-product-images.digital.rema1000.dk/22006/1-small-vVorxK893z.webp", "medium": "https://rema-product-images.digital.rema1000.dk/22006/1-medium-vVorxK893z.webp", "large": "https://rema-product-images.digital.rema1000.dk/22006/1-large-vVorxK893z.webp"}], "prices": [{"price": 19.95, "price_over_max_quantity": null, "max_quantity": null, "is_advertised": false, "is_campaign": false, "starting_at": "2025-01-30T00:00:00+00:00", "ending_at": "2099-12-31T00:00:00+00:00", "deposit": null, "compare_unit": "kg", "compare_unit_price": 19.95, "consumption_unit": null, "consumption_quantity": null}], "temperature_zone": "refrigerated_5_degrees_celsius", "is_self_scale_item": false, "is_weight_item": false, "is_available_in_all_stores": true, "is_batch_item": false}
{"id": 22015, "name": "A38 HINDBÆR 0,4%", "underline": "1 KG. / ARLA CULTURA", "age_limit": null, "hazard_precaution_statements": [], "labels": [{"id": 40, "name": "Nøglehul", "image": "https://static-assets.digital.rema1000.dk/product/labels/40-64.webp"}, {"id": 70, "name": "Dansk", "image": "https://static-assets.digital.rema1000.dk/product/labels/70-64.webp"}], "description": "Arla A38® Mild hindbær har den karakteristiske A38® smag, men med et strejf af frisk hindbær. Et godt alternativ til frugtyoghurt og den kan nydes som den er eller med frisk frugt, i smoothies og i koldskål. Arla A38® hindbær er påsat nøglehul.", "info": "", "images": [{"small": "https://rema-product-images.digital.rema1000.dk/22015/1-small-KpqRRYNqLz.webp", "medium": "https://rema-product-images.digital.rema1000.dk/22015/1-medium-KpqRRYNqLz.webp", "large": "https://rema-product-images.digital.rema1000.dk/22015/1-large-KpqRRYNqLz.webp"}], "prices": [{"price": 19.95, "price_over_max_quantity": null, "max_quantity": null, "is_advertised": false, "is_campaign": false, "starting_at": "2025-01-30T00:00:00+00:00", "ending_at": "2099-12-31T00:00:00+00:00", "deposit": null, "compare_unit": "kg", "compare_unit_price": 19.95, "consumption_unit": null, "consumption_quantity": null}], "temperature_zone": "refrigerated_5_degrees_celsius", "is_self_scale_item": false, "is_weight_item": false, "is_available_in_all_stores": false, "is_batch_item": false}
{"id": 22022, "name": "NATUREL", "underline": "1000 GR. / CHEASY, YOGHURT", "age_limit": null, "hazard_precaution_statements": [], "labels": [{"id": 9001, "name": "Avisvare", "image": "https://static-assets.digital.rema1000.dk/product/labels/9001-64.webp"}, {"id": 40, "name": "Nøglehul", "image": "https://static-assets.digital.rema1000.dk/product/labels/40-64.webp"}, {"id": 70, "name": "Dansk", "image": "https://static-assets.digital.rema1000.dk/product/labels/70-64.webp"}], "description": null, "info": "", "images": [{"small": "https://rema-product-images.digital.rema1000.dk/22022/1-small-pyozRBAoXn.webp", "medium": "https://rema-product-images.digital.rema1000.dk/22022/1-medium-pyozRBAoXn.webp", "large": "https://rema-product-images.digital.rema1000.dk/22022/1-large-pyozRBAoXn.webp"}], "prices": [{"price": 15, "price_over_max_quantity": null, "max_quantity": null, "is_advertised": true, "is_campaign": true, "starting_at": "2025-08-17T00:00:00+00:00", "ending_at": "2025-08-23T00:00:00+00:00", "deposit": null, "compare_unit": "kg", "compare_unit_price": 15, "consumption_unit": null, "consumption_quantity": null}, {"price": 20.95, "price_over_max_quantity": null, "max_quantity": null, "is_advertised": false, "is_campaign": false, "starting_at": "2025-08-24T00:00:00+00:00", "ending_at": "2099-12-31T00:00:00+00:00", "deposit": null, "compare_unit": "kg", "compare_unit_price": 20.95, "consumption_unit": null, "consumption_quantity": null}], "temperature_zone": "refrigerated_5_degrees_celsius", "is_self_scale_item": false, "is_weight_item": false, "is_available_in_all_stores": false, "is_batch_item": false}
{"id": 22031, "name": "TYKMÆLK 3,5%", "underline": "1000 GR. / GRAM SLOT, ØKOLOGISK", "age_limit": null, "hazard_precaution_statements": [], "labels": [{"id": 5, "name": "Økologi", "image": "https://static-assets.digital.rema1000.dk/product/labels/5-64.webp"}, {"id": 6, "name": "Økologi", "image": "https://static-assets.digital.rema1000.dk/product/labels/6-64.webp"}, {"id": 39, "name": "Gram slot", "image": "https://static-assets.digital.rema1000.dk/product/labels/39-64.webp"}, {"id": 190, "name": "Anbefalet af Dyrenes Beskyttelse", "image": "https://static-assets.digital.rema1000.dk/product/labels/190-64.webp"}, {"id": 203, "name": "Bedre dyrevelfærd 3", "image": "https://static-assets.digital.rema1000.dk/product/labels/203-64.webp"}], "description": "<br /> REMA 1000 er medejer af et af Danmarks største økologiske landbrug, Gram Slot, som dagligt leverer bl.a. økologisk mælk, kartofler, mel og havregryn til REMA 1000s butikker.<br /> <br /> På Gram Slot er dyrevelfærd i højsædet, ligesom Jorden ved Gram Slot dyrkes med stor respekt og omtanke. Køerne ved Gram Slot er på græs hele sommeren. I kløvergræsset på markerne er der sået urter, som indeholder æteriske olier og er rige på mineraler. Vi driver markerne på denne måde, fordi urterne giver køerne et varieret, velsmagende foder.<br /> <br /> Om emballagen:<br /> Let at åbne. Let at hælde af. Minimal affaldsmængde. Med denne letvægtsemballage spares der ressourcer, da den kræver færre råmaterialer - lige fra produktion til transport af affald. <br /> <br />", "info": "", "images": [{"small": "https://rema-product-images.digital.rema1000.dk/22031/1-small-01q2dKZP7n.webp", "medium": "https://rema-product-images.digital.rema1000.dk/22031/1-medium-01q2dKZP7n.webp", "large": "https://rema-product-images.digital.rema1000.dk/22031/1-large-01q2dKZP7n.webp"}], "prices": [{"price": 20.95, "price_over_max_quantity": null, "max_quantity": null, "is_advertised": false, "is_campaign": false, "starting_at": "2025-01-30T00:00:00+00:00", "ending_at": "2099-12-31T00:00:00+00:00", "deposit": null, "compare_unit": "kg", "compare_unit_price": 20.95, "consumption_unit": null, "consumption_quantity": null}], "temperature_zone": "refrigerated_5_degrees_celsius", "is_self_scale_item": false, "is_weight_item": false, "is_available_in_all_stores": false, "is_batch_item": false}
{"id": 22032, "name": "TYKMÆLK", "underline": "1 KG. / KLØVER", "age_limit": null, "hazard_precaution_statements": [], "labels": [], "description": "Tykmælk 3,5% har en fyldig og cremet konsistens med en blank overflade. Produktet er lavet af sødmælk - derfor er smagen let syrlig og afrundet. Produktet er velegnet såvel til morgenmad som til dressinger, koldskål og i bagværk.", "info": "", "images": [{"small": "https://rema-product-images.digital.rema1000.dk/22032/1-small-nDPWRYK9Wa.webp", "medium": "https://rema-product-images.digital.rema1000.dk/22032/1-medium-nDPWRYK9Wa.webp", "large": "https://rema-product-images.digital.rema1000.dk/22032/1-large-nDPWRYK9Wa.webp"}], "prices": [{"price": 16.95, "price_over_max_quantity": null, "max_quantity": null, "is_advertised": false, "is_campaign": false, "starting_at": "2025-01-30T00:00:00+00:00", "ending_at": "2099-12-31T00:00:00+00:00", "deposit": null, "compare_unit": "kg", "compare_unit_price": 16.95, "consumption_unit": null, "consumption_quantity": null}], "temperature_zone": "refrigerated_5_degrees_celsius", "is_self_scale_item": false, "is_weight_item": false, "is_available_in_all_stores": false, "is_batch_item": false}
{"id": 22055, "name": "A38 YMER 3,5%", "underline": "1 KG. / ARLA, ØKOLOGISK", "age_limit": null, "hazard_precaution_statements": [], "labels": [{"id": 6, "name": "Økologi", "image": "https://static-assets.digital.rema1000.dk/product/labels/6-64.webp"}, {"id": 70, "name": "Dansk", "image": "https://static-assets.digital.rema1000.dk/product/labels/70-64.webp"}, {"id": 203, "name": "Bedre dyrevelfærd 3", "image": "https://static-assets.digital.rema1000.dk/product/labels/203-64.webp"}], "description": null, "info": "", "images": [{"small": "https://rema-product-images.digital.rema1000.dk/22055/1-small-A5qVRDRqaQ.webp", "medium": "https://rema-product-images.digital.rema1000.dk/22055/1-medium-A5qVRDRqaQ.webp", "large": "https://rema-product-images.digital.rema1000.dk/22055/1-large-A5qVRDRqaQ.webp"}], "prices": [{"price": 22.95, "price_over_max_quantity": null, "max_quantity": null, "is_advertised": false, "is_campaign": false, "starting_at": "2025-01-30T00:00:00+00:00", "ending_at": "2099-12-31T00:00:00+00:00", "deposit": null, "compare_unit": "kg", "compare_unit_price": 22.95, "consumption_unit": null, "consumption_quantity": null}], "temperature_zone": "refrigerated_5_degrees_celsius", "is_self_scale_item": false, "is_weight_item": false, "is_available_in_all_stores": true, "is_batch_item": false}
{"id": 22078, "name": "NATUREL YOGURT 1,5%", "underline": "1 KG. / KLØVER", "age_limit": null, "hazard_precaution_statements": [], "labels": [], "description": null, "info": "", "images": [{"small": "https://rema-product-images.digital.rema1000.dk/22078/1-small-yLqGl0Z9d4.webp", "medium": "https://rema-product-images.digital.rema1000.dk/22078/1-medium-yLqGl0Z9d4.webp", "large": "https://rema-product-images.digital.rema1000.dk/22078/1-large-yLqGl0Z9d4.webp"}], "prices": [{"price": 15.95, "price_over_max_quantity": null, "max_quantity": null, "is_advertised": false, "is_campaign": false, "starting_at": "2025-01-30T00:00:00+00:00", "ending_at": "2099-12-31T00:00:00+00:00", "deposit": null, "compare_unit": "kg", "compare_unit_price": 15.95, "consumption_unit": null, "consumption_quantity": null}], "temperature_zone": "refrigerated_5_degrees_celsius", "is_self_scale_item": false, "is_weight_item": false, "is_available_in_all_stores": true, "is_batch_item": false}
{"id": 22084, "name": "A38 NATUREL 1,5%", "underline": "1 KG. / ARLA CULTURA", "age_limit": null, "hazard_precaution_statements": [], "labels": [{"id": 40, "name": "Nøglehul", "image": "https://static-assets.digital.rema1000.dk/product/labels/40-64.webp"}, {"id": 70, "name": "Dansk", "image": "https://static-assets.digital.rema1000.dk/product/labels/70-64.webp"}], "description": null, "info": "", "images": [{"small": "https://rema-product-images.digital.rema1000.dk/22084/1-small-rQqQRax9ea.webp", "medium": "https://rema-product-images.digital.rema1000.dk/22084/1-medium-rQqQRax9ea.webp", "large": "https://rema-product-images.digital.rema1000.dk/22084/1-large-rQqQRax9ea.webp"}], "prices": [{"price": 19.95, "price_over_max_quantity": null, "max_quantity": null, "is_advertised": false, "is_campaign": false, "starting_at": "2025-01-30T00:00:00+00:00", "ending_at": "2099-12-31T00:00:00+00:00", "deposit": null, "compare_unit": "kg", "compare_unit_price": 19.95, "consumption_unit": null, "consumption_quantity": null}], "temperature_zone": "refrigerated_5_degrees_celsius", "is_self_scale_item": false, "is_weight_item": false, "is_available_in_all_stores": true, "is_batch_item": false}
{"id": 22218, "name": "NATUREL YOGHURT", "underline": "1 KG. / KLØVER", "age_limit": null, "hazard_precaution_statements": [], "labels": [], "description": null, "info": "", "images": [{"small": "https://rema-product-images.digital.rema1000.dk/22218/1-small-2B94EKlPkM.webp", "medium": "https://rema-product-images.digital.rema1000.dk/22218/1-medium-2B94EKlPkM.webp", "large": "https://rema-product-images.digital.rema1000.dk/22218/1-large-2B94EKlPkM.webp"}], "prices": [{"price": 16.95, "price_over_max_quantity": null, "max_quantity": null, "is_advertised": false, "is_campaign": false, "starting_at": "2025-01-30T00:00:00+00:00", "ending_at": "2099-12-31T00:00:00+00:00", "deposit": null, "compare_unit": "kg", "compare_unit_price": 16.95, "consumption_unit": null, "consumption_quantity": null}], "temperature_zone": "refrigerated_5_degrees_celsius", "is_self_scale_item": false, "is_weight_item": false, "is_available_in_all_stores": true, "is_batch_item": false}
{"id": 22233, "name": "PEACH MELBA YOGHURT", "underline": "1 KG. / REMA 1000", "age_limit": null, "hazard_precaution_statements": [], "labels": [{"id": 2, "name": "REMA1000", "image": "https://static-assets.digital.rema1000.dk/product/labels/2-64.webp"}], "description": null, "info": "", "images": [{"small": "https://rema-product-images.digital.rema1000.dk/22233/1-small-YLPjxXWqkx.webp", "medium": "https://rema-product-images.digital.rema1000.dk/22233/1-medium-YLPjxXWqkx.webp", "large": "https://rema-product-images.digital.rema1000.dk/22233/1-large-YLPjxXWqkx.webp"}], "prices": [{"price": 17.95, "price_over_max_quantity": null, "max_quantity": null, "is_advertised": false, "is_campaign": false, "starting_at": "2025-01-30T00:00:00+00:00", "ending_at": "2025-09-13T00:00:00+00:00", "deposit": null, "compare_unit": "kg", "compare_unit_price": 17.95, "consumption_unit": null, "consumption_quantity": null}], "temperature_zone": "refrigerated_5_degrees_celsius", "is_self_scale_item": false, "is_weight_item": false, "is_available_in_all_stores": true, "is_batch_item": false}
{"id": 22234, "name": "APPELSIN YOGHURT", "underline": "1 KG. / REMA 1000", "age_limit": null, "hazard_precaution_statements": [], "labels": [{"id": 2, "name": "REMA1000", "image": "https://static-assets.digital.rema1000.dk/product/labels/2-64.webp"}], "description": null, "info": "", "images": [{"small": "https://rema-product-images.digital.rema1000.dk/22234/1-small-yLqGlQw9d4.webp", "medium": "https://rema-product-images.digital.rema1000.dk/22234/1-medium-yLqGlQw9d4.webp", "large": "https://rema-product-images.digital.rema1000.dk/22234/1-large-yLqGlQw9d4.webp"}], "prices": [{"price": 17.95, "price_over_max_quantity": null, "max_quantity": null, "is_advertised": false, "is_campaign": false, "starting_at": "2025-01-30T00:00:00+00:00", "ending_at": "2025-09-13T00:00:00+00:00", "deposit": null, "compare_unit": "kg", "compare_unit_price": 17.95, "consumption_unit": null, "consumption_quantity": null}], "temperature_zone": "refrigerated_5_degrees_celsius", "is_self_scale_item": false, "is_weight_item": false, "is_available_in_all_stores": false, "is_batch_item": false}
{"id": 22237, "name": "PÆRE/BANAN YOGHURT", "underline": "1 KG. / REMA 1000", "age_limit": null, "hazard_precaution_statements": [], "labels": [{"id": 2, "name": "REMA1000", "image": "https://static-assets.digital.rema1000.dk/product/labels/2-64.webp"}], "description": null, "info": "", "images": [{"small": "https://rema-product-images.digital.rema1000.dk/22237/1-small-JzPJlxbqkb.webp", "medium": "https://rema-product-images.digital.rema1000.dk/22237/1-medium-JzPJlxbqkb.webp", "large": "https://rema-product-images.digital.rema1000.dk/22237/1-large-JzPJlxbqkb.webp"}], "prices": [{"price": 17.95, "price_over_max_quantity": null, "max_quantity": null, "is_advertised": false, "is_campaign": false, "starting_at": "2025-01-30T00:00:00+00:00", "ending_at": "2025-09-13T00:00:00+00:00", "deposit": null, "compare_unit": "kg", "compare_unit_price": 17.95, "consumption_unit": null, "consumption_quantity": null}], "temperature_zone": "refrigerated_5_degrees_celsius", "is_self_scale_item": false, "is_weight_item": false, "is_available_in_all_stores": true, "is_batch_item": false}
{"id": 22239, "name": "JORDBÆR YOGHURT", "underline": "1 KG. / REMA 1000", "age_limit": null, "hazard_precaution_statements": [], "labels": [{"id": 2, "name": "REMA1000", "image": "https://static-assets.digital.rema1000.dk/product/labels/2-64.webp"}], "description": null, "info": "", "images": [{"small": "https://rema-product-images.digital.rema1000.dk/22239/1-small-zOPlxvWPRW.webp", "medium": "https://rema-product-images.digital.rema1000.dk/22239/1-medium-zOPlxvWPRW.webp", "large": "https://rema-product-images.digital.rema1000.dk/22239/1-large-zOPlxvWPRW.webp"}], "prices": [{"price": 17.95, "price_over_max_quantity": null, "max_quantity": null, "is_advertised": false, "is_campaign": false, "starting_at": "2025-01-30T00:00:00+00:00", "ending_at": "2025-09-13T00:00:00+00:00", "deposit": null, "compare_unit": "kg", "compare_unit_price": 17.95, "consumption_unit": null, "consumption_quantity": null}], "temperature_zone": "refrigerated_5_degrees_celsius", "is_self_scale_item": false, "is_weight_item": false, "is_available_in_all_stores": true, "is_batch_item": false}
{"id": 22251, "name": "PÆRE & BANAN YOGHURT", "underline": "1 KG. / YOGGI", "age_limit": null, "hazard_precaution_statements": [], "labels": [{"id": 70, "name": "Dansk", "image": "https://static-assets.digital.rema1000.dk/product/labels/70-64.webp"}], "description": "Arla Yoggi® pære/banan yoghurt er en mild yoghurt med masser af smag, højt frugtindhold og en lækker cremet konsistens. Arla Yoggi® pære/banan er reduceret med 30% sukker i forhold til det eksisterende yoghurtmarked. Arla Yoggi® er sødet med en kombination af sukker og sødestoffet steviol glycosid fra Stevia planten, der i sig selv smager sødt og som understøtter den gode frugtsmag", "info": "", "images": [{"small": "https://rema-product-images.digital.rema1000.dk/22251/1-small-v09gxKvPAW.webp", "medium": "https://rema-product-images.digital.rema1000.dk/22251/1-medium-v09gxKvPAW.webp", "large": "https://rema-product-images.digital.rema1000.dk/22251/1-large-v09gxKvPAW.webp"}], "prices": [{"price": 21.95, "price_over_max_quantity": null, "max_quantity": null, "is_advertised": false, "is_campaign": false, "starting_at": "2025-01-30T00:00:00+00:00", "ending_at": "2099-12-31T00:00:00+00:00", "deposit": null, "compare_unit": "kg", "compare_unit_price": 21.95, "consumption_unit": null, "consumption_quantity": null}], "temperature_zone": "refrigerated_5_degrees_celsius", "is_self_scale_item": false, "is_weight_item": false, "is_available_in_all_stores": false, "is_batch_item": false}
{"id": 22260, "name": "JORDBÆR YOGHURT 1,4%", "underline": "1 KG. / YOGGI", "age_limit": null, "hazard_precaution_statements": [], "labels": [{"id": 70, "name": "Dansk", "image": "https://static-assets.digital.rema1000.dk/product/labels/70-64.webp"}], "description": null, "info": "", "images": [{"small": "https://rema-product-images.digital.rema1000.dk/22260/1-small-6xqAaQbqDr.webp", "medium": "https://rema-product-images.digital.rema1000.dk/22260/1-medium-6xqAaQbqDr.webp", "large": "https://rema-product-images.digital.rema1000.dk/22260/1-large-6xqAaQbqDr.webp"}], "prices": [{"price": 21.95, "price_over_max_quantity": null, "max_quantity": null, "is_advertised": false, "is_campaign": false, "starting_at": "2025-01-30T00:00:00+00:00", "ending_at": "2099-12-31T00:00:00+00:00", "deposit": null, "compare_unit": "kg", "compare_unit_price": 21.95, "consumption_unit": null, "consumption_quantity": null}], "temperature_zone": "refrigerated_5_degrees_celsius", "is_self_scale_item": false, "is_weight_item": false, "is_available_in_all_stores": false, "is_batch_item": false}
{"id": 22261, "name": "HAVENS BÆR YOGHURT 1,4%", "underline": "1 KG. / YOGGI", "age_limit": null, "hazard_precaution_statements": [], "labels": [{"id": 70, "name": "Dansk", "image": "https://static-assets.digital.rema1000.dk/product/labels/70-64.webp"}], "description": null, "info": "", "images": [{"small": "https://rema-product-images.digital.rema1000.dk/22261/1-small-Z8qpx4Jq3N.webp", "medium": "https://rema-product-images.digital.rema1000.dk/22261/1-medium-Z8qpx4Jq3N.webp", "large": "https://rema-product-images.digital.rema1000.dk/22261/1-large-Z8qpx4Jq3N.webp"}], "prices": [{"price": 21.95, "price_over_max_quantity": null, "max_quantity": null, "is_advertised": false, "is_campaign": false, "starting_at": "2025-01-30T00:00:00+00:00", "ending_at": "2099-12-31T00:00:00+00:00", "deposit": null, "compare_unit": "kg", "compare_unit_price": 21.95, "consumption_unit": null, "consumption_quantity": null}], "temperature_zone": "refrigerated_5_degrees_celsius", "is_self_scale_item": false, "is_weight_item": false, "is_available_in_all_stores": false, "is_batch_item": false}
{"id": 22394, "name": "PÆRE/BANAN", "underline": "1000 GR. / ARLA, YOGHURT LACTOFREEE", "age_limit": null, "hazard_precaution_statements": [], "labels": [{"id": 37, "name": "Laktose fri", "image": "https://static-assets.digital.rema1000.dk/product/labels/37-64.webp"}], "description": null, "info": "", "images": [{"small": "https://rema-product-images.digital.rema1000.dk/22394/1-small-vVorxRp93z.webp", "medium": "https://rema-product-images.digital.rema1000.dk/22394/1-medium-vVorxRp93z.webp", "large": "https://rema-product-images.digital.rema1000.dk/22394/1-large-vVorxRp93z.webp"}], "prices": [{"price": 21.95, "price_over_max_quantity": null, "max_quantity": null, "is_advertised": false, "is_campaign": false, "starting_at": "2025-01-30T00:00:00+00:00", "ending_at": "2099-12-31T00:00:00+00:00", "deposit": null, "compare_unit": "kg", "compare_unit_price": 21.95, "consumption_unit": null, "consumption_quantity": null}], "temperature_zone": "refrigerated_5_degrees_celsius", "is_self_scale_item": false, "is_weight_item": false, "is_available_in_all_stores": true, "is_batch_item": false}
{"id": 224232, "name": "FRILANDS BRUNCHÆG", "underline": "4 STK. / STR. L/XL", "age_limit": null, "hazard_precaution_statements": [], "labels": [], "description": null, "info": "", "images": [{"small": "https://rema-product-images.digital.rema1000.dk/224232/1-small-nDPWz5gG9W.webp", "medium": "https://rema-product-images.digital.rema1000.dk/224232/1-medium-nDPWz5gG9W.webp", "large": "https://rema-product-images.digital.rema1000.dk/224232/1-large-nDPWz5gG9W.webp"}], "prices": [{"price": 15.95, "price_over_max_quantity": null, "max_quantity": null, "is_advertised": false, "is_campaign": false, "starting_at": "2025-01-30T00:00:00+00:00", "ending_at": "2099-12-31T00:00:00+00:00", "deposit": null, "compare_unit": "stk", "compare_unit_price": 3.99, "consumption_unit": null, "consumption_quantity": null}], "temperature_zone": "refrigerated_5_degrees_celsius", "is_self_scale_item": false, "is_weight_item": false, "is_available_in_all_stores": false, "is_batch_item": false}
{"id": 224239, "name": "LIVSKRAFT SKRABEÆG", "underline": "8 STK. / STR. M/L", "age_limit": null, "hazard_precaution_statements": [], "labels": [], "description": null, "info": "", "images": [{"small": "https://rema-product-images.digital.rema1000.dk/224239/1-small-zOPll1aJPR.webp", "medium": "https://rema-product-images.digital.rema1000.dk/224239/1-medium-zOPll1aJPR.webp", "large": "https://rema-product-images.digital.rema1000.dk/224239/1-large-zOPll1aJPR.webp"}], "prices": [{"price": 29.5, "price_over_max_quantity": null, "max_quantity": null, "is_advertised": false, "is_campaign": false, "starting_at": "2025-01-30T00:00:00+00:00", "ending_at": "2099-12-31T00:00:00+00:00", "deposit": null, "compare_unit": "stk", "compare_unit_price": 3.69, "consumption_unit": null, "consumption_quantity": null}], "temperature_zone": "refrigerated_5_degrees_celsius", "is_self_scale_item": false, "is_weight_item": false, "is_available_in_all_stores": false, "is_batch_item": false}
{"id": 224242, "name": "FRILANDSÆG", "underline": "6 STK. / STR. M/L", "age_limit": null, "hazard_precaution_statements": [], "labels": [], "description": null, "info": "", "images": [{"small": "https://rema-product-images.digital.rema1000.dk/224242/1-small-A4PylWEn9L.webp", "medium": "https://rema-product-images.digital.rema1000.dk/224242/1-medium-A4PylWEn9L.webp", "large": "https://rema-product-images.digital.rema1000.dk/224242/1-large-A4PylWEn9L.webp"}], "prices": [{"price": 21.25, "price_over_max_quantity": null, "max_quantity": null, "is_advertised": false, "is_campaign": false, "starting_at": "2024-08-15T00:00:00+00:00", "ending_at": "2099-12-31T00:00:00+00:00", "deposit": null, "compare_unit": "stk", "compare_unit_price": 3.54, "consumption_unit": null, "consumption_quantity": null}], "temperature_zone": "refrigerated_5_degrees_celsius", "is_self_scale_item": false, "is_weight_item": false, "is_available_in_all_stores": true, "is_batch_item": false}
{"id": 225533, "name": "ÆGGESTAND", "underline": "125 GR. / ØKOLOGISK", "age_limit": null, "hazard_precaution_statements": [], "labels": [{"id": 5, "name": "Økologi", "image": "https://static-assets.digital.rema1000.dk/product/labels/5-64.webp"}, {"id": 6, "name": "Økologi", "image": "https://static-assets.digital.rema1000.dk/product/labels/6-64.webp"}], "description": null, "info": "", "images": [{"small": "https://rema-product-images.digital.rema1000.dk/225533/1-small-YLPj7eX6ok.webp", "medium": "https://rema-product-images.digital.rema1000.dk/225533/1-medium-YLPj7eX6ok.webp", "large": "https://rema-product-images.digital.rema1000.dk/225533/1-large-YLPj7eX6ok.webp"}], "prices": [{"price": 13.95, "price_over_max_quantity": null, "max_quantity": null, "is_advertised": false, "is_campaign": false, "starting_at": "2025-05-01T00:00:00+00:00", "ending_at": "2099-12-31T00:00:00+00:00", "deposit": null, "compare_unit": "kg", "compare_unit_price": 111.6, "consumption_unit": null, "consumption_quantity": null}], "temperature_zone": "refrigerated_5_degrees_celsius", "is_self_scale_item": false, "is_weight_item": false, "is_available_in_all_stores": true, "is_batch_item": false}
{"id": 225534, "name": "HELÆG", "underline": "180 GR. / PASTEURISEREDE", "age_limit": null, "hazard_precaution_statements": [], "labels": [], "description": null, "info": "", "images": [{"small": "https://rema-product-images.digital.rema1000.dk/225534/1-small-yLqGj2QZod.webp", "medium": "https://rema-product-images.digital.rema1000.dk/225534/1-medium-yLqGj2QZod.webp", "large": "https://rema-product-images.digital.rema1000.dk/225534/1-large-yLqGj2QZod.webp"}], "prices": [{"price": 16.95, "price_over_max_quantity": null, "max_quantity": null, "is_advertised": false, "is_campaign": false, "starting_at": "2025-01-30T00:00:00+00:00", "ending_at": "2099-12-31T00:00:00+00:00", "deposit": null, "compare_unit": "kg", "compare_unit_price": 94.17, "consumption_unit": null, "consumption_quantity": null}], "temperature_zone": "refrigerated_5_degrees_celsius", "is_self_scale_item": false, "is_weight_item": false, "is_available_in_all_stores": false, "is_batch_item": false}
{"id": 22788, "name": "SKYR AIRY STRAWBERRY", "underline": "128 GR. / ARLA", "age_limit": null, "hazard_precaution_statements": [], "labels": [], "description": null, "info": "", "images": [{"small": "https://rema-product-images.digital.rema1000.dk/22788/1-small-xePwXWOow8.webp", "medium": "https://rema-product-images.digital.rema1000.dk/22788/1-medium-xePwXWOow8.webp", "large": "https://rema-product-images.digital.rema1000.dk/22788/1-large-xePwXWOow8.webp"}], "prices": [{"price": 7.95, "price_over_max_quantity": null, "max_quantity": null, "is_advertised": false, "is_campaign": false, "starting_at": "2024-10-29T00:00:00+00:00", "ending_at": "2099-12-31T00:00:00+00:00", "deposit": null, "compare_unit": "kg", "compare_unit_price": 62.11, "consumption_unit": null, "consumption_quantity": null}], "temperature_zone": "refrigerated_5_degrees_celsius", "is_self_scale_item": false, "is_weight_item": false, "is_available_in_all_stores": false, "is_batch_item": false}
{"id": 22823, "name": "VANILJE", "underline": "1000 GR. / CHEASY, YOGHURT", "age_limit": null, "hazard_precaution_statements": [], "labels": [{"id": 9001, "name": "Avisvare", "image": "https://static-assets.digital.rema1000.dk/product/labels/9001-64.webp"}, {"id": 31, "name": "Ikke tilsat sukker", "image": "https://static-assets.digital.rema1000.dk/product/labels/31-64.webp"}, {"id": 70, "name": "Dansk", "image": "https://static-assets.digital.rema1000.dk/product/labels/70-64.webp"}], "description": null, "info": "", "images": [{"small": "https://rema-product-images.digital.rema1000.dk/22823/1-small-MNqZdmBPA7.webp", "medium": "https://rema-product-images.digital.rema1000.dk/22823/1-medium-MNqZdmBPA7.webp", "large": "https://rema-product-images.digital.rema1000.dk/22823/1-large-MNqZdmBPA7.webp"}], "prices": [{"price": 15, "price_over_max_quantity": null, "max_quantity": null, "is_advertised": true, "is_campaign": true, "starting_at": "2025-08-17T00:00:00+00:00", "ending_at": "2025-08-23T00:00:00+00:00", "deposit": null, "compare_unit": "kg", "compare_unit_price": 15, "consumption_unit": null, "consumption_quantity": null}, {"price": 22.95, "price_over_max_quantity": null, "max_quantity": null, "is_advertised": false, "is_campaign": false, "starting_at": "2025-08-24T00:00:00+00:00", "ending_at": "2099-12-31T00:00:00+00:00", "deposit": null, "compare_unit": "kg", "compare_unit_price": 22.95, "consumption_unit": null, "consumption_quantity": null}], "temperature_zone": "refrigerated_5_degrees_celsius", "is_self_scale_item": false, "is_weight_item": false, "is_available_in_all_stores": true, "is_batch_item": false}
{"id": 22824, "name": "JORDBÆR/RABARBER", "underline": "1000 GR. / CHEASY, YOGHURT", "age_limit": null, "hazard_precaution_statements": [], "labels": [{"id": 9001, "name": "Avisvare", "image": "https://static-assets.digital.rema1000.dk/product/labels/9001-64.webp"}, {"id": 31, "name": "Ikke tilsat sukker", "image": "https://static-assets.digital.rema1000.dk/product/labels/31-64.webp"}, {"id": 70, "name": "Dansk", "image": "https://static-assets.digital.rema1000.dk/product/labels/70-64.webp"}], "description": null, "info": "", "images": [{"small": "https://rema-product-images.digital.rema1000.dk/22824/1-small-vXodJ4z93k.webp", "medium": "https://rema-product-images.digital.rema1000.dk/22824/1-medium-vXodJ4z93k.webp", "large": "https://rema-product-images.digital.rema1000.dk/22824/1-large-vXodJ4z93k.webp"}], "prices": [{"price": 15, "price_over_max_quantity": null, "max_quantity": null, "is_advertised": true, "is_campaign": true, "starting_at": "2025-08-17T00:00:00+00:00", "ending_at": "2025-08-23T00:00:00+00:00", "deposit": null, "compare_unit": "kg", "compare_unit_price": 15, "consumption_unit": null, "consumption_quantity": null}, {"price": 22.95, "price_over_max_quantity": null, "max_quantity": null, "is_advertised": false, "is_campaign": false, "starting_at": "2025-08-24T00:00:00+00:00", "ending_at": "2099-12-31T00:00:00+00:00", "deposit": null, "compare_unit": "kg", "compare_unit_price": 22.95, "consumption_unit": null, "consumption_quantity": null}], "temperature_zone": "refrigerated_5_degrees_celsius", "is_self_scale_item": false, "is_weight_item": false, "is_available_in_all_stores": false, "is_batch_item": false}
{"id": 22831, "name": "FERSKEN/PASSION", "underline": "1000 GR. / CHEASY, YOGHURT", "age_limit": null, "hazard_precaution_statements": [], "labels": [{"id": 9001, "name": "Avisvare", "image": "https://static-assets.digital.rema1000.dk/product/labels/9001-64.webp"}, {"id": 31, "name": "Ikke tilsat sukker", "image": "https://static-assets.digital.rema1000.dk/product/labels/31-64.webp"}, {"id": 70, "name": "Dansk", "image": "https://static-assets.digital.rema1000.dk/product/labels/70-64.webp"}], "description": null, "info": "", "images": [{"small": "https://rema-product-images.digital.rema1000.dk/22831/1-small-01q2dneP7n.webp", "medium": "https://rema-product-images.digital.rema1000.dk/22831/1-medium-01q2dneP7n.webp", "large": "https://rema-product-images.digital.rema1000.dk/22831/1-large-01q2dneP7n.webp"}], "prices": [{"price": 15, "price_over_max_quantity": null, "max_quantity": null, "is_advertised": true, "is_campaign": true, "starting_at": "2025-08-17T00:00:00+00:00", "ending_at": "2025-08-23T00:00:00+00:00", "deposit": null, "compare_unit": "kg", "compare_unit_price": 15, "consumption_unit": null, "consumption_quantity": null}, {"price": 22.95, "price_over_max_quantity": null, "max_quantity": null, "is_advertised": false, "is_campaign": false, "starting_at": "2025-08-24T00:00:00+00:00", "ending_at": "2099-12-31T00:00:00+00:00", "deposit": null, "compare_unit": "kg", "compare_unit_price": 22.95, "consumption_unit": null, "consumption_quantity": null}], "temperature_zone": "refrigerated_5_degrees_celsius", "is_self_scale_item": false, "is_weight_item": false, "is_available_in_all_stores": false, "is_batch_item": false}
{"id": 230000, "name": "STEGE OG BAGE MARGARINE", "underline": "500 GR. / AMA", "age_limit": null, "hazard_precaution_statements": [], "labels": [], "description": null, "info": "", "images": [{"small": "https://rema-product-images.digital.rema1000.dk/230000/1-small-xePwBN3d9w.webp", "medium": "https://rema-product-images.digital.rema1000.dk/230000/1-medium-xePwBN3d9w.webp", "large": "https://rema-product-images.digital.rema1000.dk/230000/1-large-xePwBN3d9w.webp"}], "prices": [{"price": 17.95, "price_over_max_quantity": null, "max_quantity": null, "is_advertised": false, "is_campaign": false, "starting_at": "2022-06-30T00:00:00+00:00", "ending_at": "2099-12-31T00:00:00+00:00", "deposit": null, "compare_unit": "kg", "compare_unit_price": 35.9, "consumption_unit": null, "consumption_quantity": null}], "temperature_zone": null, "is_self_scale_item": false, "is_weight_item": false, "is_available_in_all_stores": true, "is_batch_item": false}
{"id": 230441, "name": "MARGARINE", "underline": "500 GR. / REMA 1000", "age_limit": null, "hazard_precaution_statements": [], "labels": [{"id": 2, "name": "REMA1000", "image": "https://static-assets.digital.rema1000.dk/product/labels/2-64.webp"}], "description": "VORES MARGARINE ER VELEGNET TIL BÅDE STEGNING OG BAGNING.<br />", "info": "", "images": [{"small": "https://rema-product-images.digital.rema1000.dk/230441/1-small-we9E3EO8og.webp", "medium": "https://rema-product-images.digital.rema1000.dk/230441/1-medium-we9E3EO8og.webp", "large": "https://rema-product-images.digital.rema1000.dk/230441/1-large-we9E3EO8og.webp"}], "prices": [{"price": 10.95, "price_over_max_quantity": null, "max_quantity": null, "is_advertised": false, "is_campaign": false, "starting_at": "2025-01-02T00:00:00+00:00", "ending_at": "2025-09-13T00:00:00+00:00", "deposit": null, "compare_unit": "kg", "compare_unit_price": 21.9, "consumption_unit": null, "consumption_quantity": null}], "temperature_zone": null, "is_self_scale_item": false, "is_weight_item": false, "is_available_in_all_stores": true, "is_batch_item": false}
{"id": 231613, "name": "FLYDENDE MARGARINE", "underline": "500 ML. / AMA RAPSOLIE", "age_limit": null, "hazard_precaution_statements": [], "labels": [{"id": 40, "name": "Nøglehul", "image": "https://static-assets.digital.rema1000.dk/product/labels/40-64.webp"}], "description": null, "info": "", "images": [{"small": "https://rema-product-images.digital.rema1000.dk/231613/1-small-wyPb0KRZqE.webp", "medium": "https://rema-product-images.digital.rema1000.dk/231613/1-medium-wyPb0KRZqE.webp", "large": "https://rema-product-images.digital.rema1000.dk/231613/1-large-wyPb0KRZqE.webp"}], "prices": [{"price": 17.95, "price_over_max_quantity": null, "max_quantity": null, "is_advertised": false, "is_campaign": false, "starting_at": "2025-01-30T00:00:00+00:00", "ending_at": "2099-12-31T00:00:00+00:00", "deposit": null, "compare_unit": "ltr", "compare_unit_price": 35.9, "consumption_unit": null, "consumption_quantity": null}], "temperature_zone": null, "is_self_scale_item": false, "is_weight_item": false, "is_available_in_all_stores": true, "is_batch_item": false}
{"id": 231620, "name": "PLANTEMARGARINE", "underline": "400 GR. / REMA 1000", "age_limit": null, "hazard_precaution_statements": [], "labels": [{"id": 2, "name": "REMA1000", "image": "https://static-assets.digital.rema1000.dk/product/labels/2-64.webp"}, {"id": 40, "name": "Nøglehul", "image": "https://static-assets.digital.rema1000.dk/product/labels/40-64.webp"}], "description": "60 % fedt.", "info": "", "images": [{"small": "https://rema-product-images.digital.rema1000.dk/231620/1-small-AKqeLXRQop.webp", "medium": "https://rema-product-images.digital.rema1000.dk/231620/1-medium-AKqeLXRQop.webp", "large": "https://rema-product-images.digital.rema1000.dk/231620/1-large-AKqeLXRQop.webp"}], "prices": [{"price": 9.95, "price_over_max_quantity": null, "max_quantity": null, "is_advertised": false, "is_campaign": false, "starting_at": "2025-04-24T00:00:00+00:00", "ending_at": "2025-09-13T00:00:00+00:00", "deposit": null, "compare_unit": "kg", "compare_unit_price": 24.88, "consumption_unit": null, "consumption_quantity": null}], "temperature_zone": null, "is_self_scale_item": false, "is_weight_item": false, "is_available_in_all_stores": true, "is_batch_item": false}
{"id": 231625, "name": "PLANTEFEDTSTOF", "underline": "500 ML. / REMA 1000 FLYDENDE", "age_limit": null, "hazard_precaution_statements": [], "labels": [{"id": 2, "name": "REMA1000", "image": "https://static-assets.digital.rema1000.dk/product/labels/2-64.webp"}, {"id": 40, "name": "Nøglehul", "image": "https://static-assets.digital.rema1000.dk/product/labels/40-64.webp"}], "description": "Vand-i-olieblanding til stegning og madlavning", "info": "", "images": [{"small": "https://rema-product-images.digital.rema1000.dk/231625/1-small-Ea91kzljoz.webp", "medium": "https://rema-product-images.digital.rema1000.dk/231625/1-medium-Ea91kzljoz.webp", "large": "https://rema-product-images.digital.rema1000.dk/231625/1-large-Ea91kzljoz.webp"}], "prices": [{"price": 10.95, "price_over_max_quantity": null, "max_quantity": null, "is_advertised": false, "is_campaign": false, "starting_at": "2023-05-04T00:00:00+00:00", "ending_at": "2025-09-13T00:00:00+00:00", "deposit": null, "compare_unit": "ltr", "compare_unit_price": 21.9, "consumption_unit": null, "consumption_quantity": null}], "temperature_zone": null, "is_self_scale_item": false, "is_weight_item": false, "is_available_in_all_stores": true, "is_batch_item": false}
{"id": 232111, "name": "BECEL SMØRBAR", "underline": "250 GR. / LET", "age_limit": null, "hazard_precaution_statements": [], "labels": [{"id": 40, "name": "Nøglehul", "image": "https://static-assets.digital.rema1000.dk/product/labels/40-64.webp"}], "description": null, "info": "", "images": [{"small": "https://rema-product-images.digital.rema1000.dk/232111/1-small-A5qV6kpRqa.webp", "medium": "https://rema-product-images.digital.rema1000.dk/232111/1-medium-A5qV6kpRqa.webp", "large": "https://rema-product-images.digital.rema1000.dk/232111/1-large-A5qV6kpRqa.webp"}], "prices": [{"price": 18.95, "price_over_max_quantity": null, "max_quantity": null, "is_advertised": false, "is_campaign": false, "starting_at": "2022-06-23T00:00:00+00:00", "ending_at": "2099-12-31T00:00:00+00:00", "deposit": null, "compare_unit": "kg", "compare_unit_price": 75.8, "consumption_unit": null, "consumption_quantity": null}], "temperature_zone": "refrigerated_5_degrees_celsius", "is_self_scale_item": false, "is_weight_item": false, "is_available_in_all_stores": true, "is_batch_item": false}
{"id": 232123, "name": "SVINEFEDT", "underline": "500 GR. / BEDSTEMORS", "age_limit": null, "hazard_precaution_statements": [], "labels": [], "description": null, "info": "", "images": [{"small": "https://rema-product-images.digital.rema1000.dk/232123/1-small-MNqZzBY1qA.webp", "medium": "https://rema-product-images.digital.rema1000.dk/232123/1-medium-MNqZzBY1qA.webp", "large": "https://rema-product-images.digital.rema1000.dk/232123/1-large-MNqZzBY1qA.webp"}], "prices": [{"price": 24.95, "price_over_max_quantity": null, "max_quantity": null, "is_advertised": false, "is_campaign": false, "starting_at": "2025-05-09T00:00:00+00:00", "ending_at": "2099-12-31T00:00:00+00:00", "deposit": null, "compare_unit": "kg", "compare_unit_price": 49.9, "consumption_unit": null, "consumption_quantity": null}], "temperature_zone": "refrigerated_5_degrees_celsius", "is_self_scale_item": false, "is_weight_item": false, "is_available_in_all_stores": false, "is_batch_item": false}
{"id": 232124, "name": "GREVEFEDT", "underline": "150 GR. / FRILANDSGRIS", "age_limit": null, "hazard_precaution_statements": [], "labels": [{"id": 2, "name": "REMA1000", "image": "https://static-assets.digital.rema1000.dk/product/labels/2-64.webp"}, {"id": 190, "name": "Anbefalet af Dyrenes Beskyttelse", "image": "https://static-assets.digital.rema1000.dk/product/labels/190-64.webp"}, {"id": 203, "name": "Bedre dyrevelfærd 3", "image": "https://static-assets.digital.rema1000.dk/product/labels/203-64.webp"}], "description": "<b>Discount med holdning</b><br />I REMA 1000 har vi fokus på kvalitet til lave priser og overskriften på vores arbejde er Discount med holdning.<br /><br />Vi har en klar holdning til alle de varer, vi sælger. Vi stiller ikke kun krav til kvaliteten af vores egne mærkevarer – det er også vigtigt for os, at emballagerne er designet til genanvendelse, at indholdet er uden problematiske stoffer, og at varerne er produceret ansvarligt samt mærket med tydelige og valide certificeringer.<br /><br /><b>Om denne vare</b><br />REMA 1000 grevefedt med timian og peber af frilandsgris, der er opdrættet hos Peter &amp; Lene i Give eller hos Nielli &amp; Tommy i Karup.<br /><br />REMA 1000 Frilandsgrise er født og opdrættet med den største respekt for dyrenes velfærd. På gårdene i Give og Karup kan grisene gå ude på friland eller i stalde med masser af plads, strøelse og adgang til udearealer.<br /><br />REMA 1000 grevefedt er godt rugbrød toppet med ristede løg.", "info": "", "images": [{"small": "https://rema-product-images.digital.rema1000.dk/232124/1-small-vXodRV2B93.webp", "medium": "https://rema-product-images.digital.rema1000.dk/232124/1-medium-vXodRV2B93.webp", "large": "https://rema-product-images.digital.rema1000.dk/232124/1-large-vXodRV2B93.webp"}], "prices": [{"price": 16.95, "price_over_max_quantity": null, "max_quantity": null, "is_advertised": false, "is_campaign": false, "starting_at": "2024-01-04T00:00:00+00:00", "ending_at": "2099-12-31T00:00:00+00:00", "deposit": null, "compare_unit": "kg", "compare_unit_price": 113, "consumption_unit": null, "consumption_quantity": null}], "temperature_zone": "refrigerated_5_degrees_celsius", "is_self_scale_item": false, "is_weight_item": false, "is_available_in_all_stores": false, "is_batch_item": false}
{"id": 232126, "name": "FEDT MED LØG", "underline": "200 GR. / OK", "age_limit": null, "hazard_precaution_statements": [], "labels": [], "description": null, "info": "", "images": [{"small": "https://rema-product-images.digital.rema1000.dk/232126/1-small-kOq33dYJq6.webp", "medium": "https://rema-product-images.digital.rema1000.dk/232126/1-medium-kOq33dYJq6.webp", "large": "https://rema-product-images.digital.rema1000.dk/232126/1-large-kOq33dYJq6.webp"}], "prices": [{"price": 18.95, "price_over_max_quantity": null, "max_quantity": null, "is_advertised": false, "is_campaign": false, "starting_at": "2025-01-23T00:00:00+00:00", "ending_at": "2099-12-31T00:00:00+00:00", "deposit": null, "compare_unit": "kg", "compare_unit_price": 94.75, "consumption_unit": null, "consumption_quantity": null}], "temperature_zone": "refrigerated_5_degrees_celsius", "is_self_scale_item": false, "is_weight_item": false, "is_available_in_all_stores": false, "is_batch_item": false}
{"id": 232127, "name": "FEDTEGREVER", "underline": "100 GR. / BEDSTEMORS", "age_limit": null, "hazard_precaution_statements": [], "labels": [], "description": null, "info": "", "images": [{"small": "https://rema-product-images.digital.rema1000.dk/232127/1-small-OW9OzL0Zqg.webp", "medium": "https://rema-product-images.digital.rema1000.dk/232127/1-medium-OW9OzL0Zqg.webp", "large": "https://rema-product-images.digital.rema1000.dk/232127/1-large-OW9OzL0Zqg.webp"}], "prices": [{"price": 14.95, "price_over_max_quantity": null, "max_quantity": null, "is_advertised": false, "is_campaign": false, "starting_at": "2023-01-19T00:00:00+00:00", "ending_at": "2099-12-31T00:00:00+00:00", "deposit": null, "compare_unit": "kg", "compare_unit_price": 149.5, "consumption_unit": null, "consumption_quantity": null}], "temperature_zone": "refrigerated_5_degrees_celsius", "is_self_scale_item": false, "is_weight_item": false, "is_available_in_all_stores": false, "is_batch_item": false}
{"id": 232130, "name": "PALMIN", "underline": "500 GR. / DRAGSBÆK", "age_limit": null, "hazard_precaution_statements": [], "labels": [], "description": null, "info": "", "images": [{"small": "https://rema-product-images.digital.rema1000.dk/232130/1-small-869D6kN8oM.webp", "medium": "https://rema-product-images.digital.rema1000.dk/232130/1-medium-869D6kN8oM.webp", "large": "https://rema-product-images.digital.rema1000.dk/232130/1-large-869D6kN8oM.webp"}], "prices": [{"price": 28.95, "price_over_max_quantity": null, "max_quantity": null, "is_advertised": false, "is_campaign": false, "starting_at": "2022-06-23T00:00:00+00:00", "ending_at": "2099-12-31T00:00:00+00:00", "deposit": null, "compare_unit": "kg", "compare_unit_price": 57.9, "consumption_unit": null, "consumption_quantity": null}], "temperature_zone": null, "is_self_scale_item": false, "is_weight_item": false, "is_available_in_all_stores": false, "is_batch_item": false}
{"id": 23420, "name": "CREME FRAICHE 18%", "underline": "500 GR. / REMA 1000", "age_limit": null, "hazard_precaution_statements": [], "labels": [{"id": 2, "name": "REMA1000", "image": "https://static-assets.digital.rema1000.dk/product/labels/2-64.webp"}, {"id": 70, "name": "Dansk", "image": "https://static-assets.digital.rema1000.dk/product/labels/70-64.webp"}], "description": null, "info": "", "images": [{"small": "https://rema-product-images.digital.rema1000.dk/23420/1-small-AKqeeQeqp1.webp", "medium": "https://rema-product-images.digital.rema1000.dk/23420/1-medium-AKqeeQeqp1.webp", "large": "https://rema-product-images.digital.rema1000.dk/23420/1-large-AKqeeQeqp1.webp"}], "prices": [{"price": 20.95, "price_over_max_quantity": null, "max_quantity": null, "is_advertised": false, "is_campaign": false, "starting_at": "2025-01-30T00:00:00+00:00", "ending_at": "2099-12-31T00:00:00+00:00", "deposit": null, "compare_unit": "kg", "compare_unit_price": 41.9, "consumption_unit": null, "consumption_quantity": null}], "temperature_zone": "refrigerated_5_degrees_celsius", "is_self_scale_item": false, "is_weight_item": false, "is_available_in_all_stores": true, "is_batch_item": false}
{"id": 23434, "name": "ELLA-SARA SMOOTHIE", "underline": "250 ML. / MANGO,PASSION", "age_limit": null, "hazard_precaution_statements": [], "labels": [], "description": null, "info": "", "images": [{"small": "https://rema-product-images.digital.rema1000.dk/23434/1-small-yLqGxVG9d4.webp", "medium": "https://rema-product-images.digital.rema1000.dk/23434/1-medium-yLqGxVG9d4.webp", "large": "https://rema-product-images.digital.rema1000.dk/23434/1-large-yLqGxVG9d4.webp"}], "prices": [{"price": 10, "price_over_max_quantity": null, "max_quantity": null, "is_advertised": false, "is_campaign": false, "starting_at": "2023-04-17T00:00:00+00:00", "ending_at": "2099-12-31T00:00:00+00:00", "deposit": 1.5, "compare_unit": "ltr", "compare_unit_price": 40, "consumption_unit": null, "consumption_quantity": null}], "temperature_zone": "refrigerated_5_degrees_celsius", "is_self_scale_item": false, "is_weight_item": false, "is_available_in_all_stores": true, "is_batch_item": false}
{"id": 23809, "name": "JORBÆR", "underline": "450 GR. / ARLA CULTURA, LAKTOSEFRI", "age_limit": null, "hazard_precaution_statements": [], "labels": [{"id": 37, "name": "Laktose fri", "image": "https://static-assets.digital.rema1000.dk/product/labels/37-64.webp"}], "description": null, "info": "", "images": [{"small": "https://rema-product-images.digital.rema1000.dk/23809/1-small-aboKRVgPpM.webp", "medium": "https://rema-product-images.digital.rema1000.dk/23809/1-medium-aboKRVgPpM.webp", "large": "https://rema-product-images.digital.rema1000.dk/23809/1-large-aboKRVgPpM.webp"}], "prices": [{"price": 13.25, "price_over_max_quantity": null, "max_quantity": null, "is_advertised": false, "is_campaign": false, "starting_at": "2024-11-18T00:00:00+00:00", "ending_at": "2099-12-31T00:00:00+00:00", "deposit": null, "compare_unit": "kg", "compare_unit_price": 29.44, "consumption_unit": null, "consumption_quantity": null}], "temperature_zone": "refrigerated_5_degrees_celsius", "is_self_scale_item": false, "is_weight_item": false, "is_available_in_all_stores": false, "is_batch_item": false}
{"id": 23815, "name": "KEFIR NATUREL", "underline": "1 LTR. / ARLA CULTURA, LAKTOSEFRI", "age_limit": null, "hazard_precaution_statements": [], "labels": [{"id": 37, "name": "Laktose fri", "image": "https://static-assets.digital.rema1000.dk/product/labels/37-64.webp"}, {"id": 70, "name": "Dansk", "image": "https://static-assets.digital.rema1000.dk/product/labels/70-64.webp"}], "description": null, "info": "", "images": [{"small": "https://rema-product-images.digital.rema1000.dk/23815/1-small-KpqRl8RPLz.webp", "medium": "https://rema-product-images.digital.rema1000.dk/23815/1-medium-KpqRl8RPLz.webp", "large": "https://rema-product-images.digital.rema1000.dk/23815/1-large-KpqRl8RPLz.webp"}], "prices": [{"price": 17.95, "price_over_max_quantity": null, "max_quantity": null, "is_advertised": false, "is_campaign": false, "starting_at": "2025-01-30T00:00:00+00:00", "ending_at": "2025-09-13T00:00:00+00:00", "deposit": null, "compare_unit": "ltr", "compare_unit_price": 17.95, "consumption_unit": null, "consumption_quantity": null}], "temperature_zone": "refrigerated_5_degrees_celsius", "is_self_scale_item": false, "is_weight_item": false, "is_available_in_all_stores": false, "is_batch_item": false}
{"id": 23816, "name": "KEFIR VANILJE", "underline": "1 LTR. / ARLA CULTURA, LAKTOSEFRI", "age_limit": null, "hazard_precaution_statements": [], "labels": [{"id": 37, "name": "Laktose fri", "image": "https://static-assets.digital.rema1000.dk/product/labels/37-64.webp"}], "description": null, "info": "", "images": [{"small": "https://rema-product-images.digital.rema1000.dk/23816/1-small-6xqARmR9Dr.webp", "medium": "https://rema-product-images.digital.rema1000.dk/23816/1-medium-6xqARmR9Dr.webp", "large": "https://rema-product-images.digital.rema1000.dk/23816/1-large-6xqARmR9Dr.webp"}], "prices": [{"price": 19.95, "price_over_max_quantity": null, "max_quantity": null, "is_advertised": false, "is_campaign": false, "starting_at": "2024-11-18T00:00:00+00:00", "ending_at": "2025-09-13T00:00:00+00:00", "deposit": null, "compare_unit": "ltr", "compare_unit_price": 19.95, "consumption_unit": null, "consumption_quantity": null}], "temperature_zone": "refrigerated_5_degrees_celsius", "is_self_scale_item": false, "is_weight_item": false, "is_available_in_all_stores": false, "is_batch_item": false}
{"id": 23907, "name": "ÆBLEJUICE, ØKO", "underline": "250 ML. / FRANKLY", "age_limit": null, "hazard_precaution_statements": [], "labels": [{"id": 5, "name": "Økologi", "image": "https://static-assets.digital.rema1000.dk/product/labels/5-64.webp"}, {"id": 6, "name": "Økologi", "image": "https://static-assets.digital.rema1000.dk/product/labels/6-64.webp"}], "description": null, "info": "", "images": [{"small": "https://rema-product-images.digital.rema1000.dk/23907/1-small-v09g4EEPAW.webp", "medium": "https://rema-product-images.digital.rema1000.dk/23907/1-medium-v09g4EEPAW.webp", "large": "https://rema-product-images.digital.rema1000.dk/23907/1-large-v09g4EEPAW.webp"}], "prices": [{"price": 14, "price_over_max_quantity": null, "max_quantity": null, "is_advertised": false, "is_campaign": false, "starting_at": "2024-11-20T00:00:00+00:00", "ending_at": "2025-09-06T00:00:00+00:00", "deposit": 1.5, "compare_unit": "ltr", "compare_unit_price": 56, "consumption_unit": null, "consumption_quantity": null}], "temperature_zone": "refrigerated_5_degrees_celsius", "is_self_scale_item": false, "is_weight_item": false, "is_available_in_all_stores": true, "is_batch_item": false}
{"id": 23908, "name": "GULERODSJUICE", "underline": "250 ML. / ØKO, FRANKLY", "age_limit": null, "hazard_precaution_statements": [], "labels": [{"id": 5, "name": "Økologi", "image": "https://static-assets.digital.rema1000.dk/product/labels/5-64.webp"}, {"id": 6, "name": "Økologi", "image": "https://static-assets.digital.rema1000.dk/product/labels/6-64.webp"}], "description": null, "info": "", "images": [{"small": "https://rema-product-images.digital.rema1000.dk/23908/1-small-NpP728v9Ol.webp", "medium": "https://rema-product-images.digital.rema1000.dk/23908/1-medium-NpP728v9Ol.webp", "large": "https://rema-product-images.digital.rema1000.dk/23908/1-large-NpP728v9Ol.webp"}], "prices": [{"price": 14, "price_over_max_quantity": null, "max_quantity": null, "is_advertised": false, "is_campaign": false, "starting_at": "2024-11-20T00:00:00+00:00", "ending_at": "2025-09-06T00:00:00+00:00", "deposit": 1.5, "compare_unit": "ltr", "compare_unit_price": 56, "consumption_unit": null, "consumption_quantity": null}], "temperature_zone": "refrigerated_5_degrees_celsius", "is_self_scale_item": false, "is_weight_item": false, "is_available_in_all_stores": true, "is_batch_item": false}
{"id": 23909, "name": "MOCKTAIL DAIQUIRI", "underline": "750 ML. / ELLA SARA, STRAWBERRY, LÆSKEDRIK", "age_limit": null, "hazard_precaution_statements": [], "labels": [{"id": 9001, "name": "Avisvare", "image": "https://static-assets.digital.rema1000.dk/product/labels/9001-64.webp"}], "description": null, "info": "", "images": [{"small": "https://rema-product-images.digital.rema1000.dk/23909/1-small-aboKR4vPpM.webp", "medium": "https://rema-product-images.digital.rema1000.dk/23909/1-medium-aboKR4vPpM.webp", "large": "https://rema-product-images.digital.rema1000.dk/23909/1-large-aboKR4vPpM.webp"}], "prices": [{"price": 15, "price_over_max_quantity": null, "max_quantity": null, "is_advertised": true, "is_campaign": false, "starting_at": "2025-08-17T00:00:00+00:00", "ending_at": "2025-11-15T00:00:00+00:00", "deposit": 1.5, "compare_unit": "ltr", "compare_unit_price": 20, "consumption_unit": null, "consumption_quantity": null}], "temperature_zone": "refrigerated_5_degrees_celsius", "is_self_scale_item": false, "is_weight_item": false, "is_available_in_all_stores": true, "is_batch_item": true}
{"id": 23912, "name": "INGEFÆRSHOT", "underline": "340 ML. / FRANKLY, ØKOLOGISK", "age_limit": null, "hazard_precaution_statements": [], "labels": [{"id": 5, "name": "Økologi", "image": "https://static-assets.digital.rema1000.dk/product/labels/5-64.webp"}, {"id": 6, "name": "Økologi", "image": "https://static-assets.digital.rema1000.dk/product/labels/6-64.webp"}], "description": null, "info": "", "images": [{"small": "https://rema-product-images.digital.rema1000.dk/23912/1-small-18oXdQOokb.webp", "medium": "https://rema-product-images.digital.rema1000.dk/23912/1-medium-18oXdQOokb.webp", "large": "https://rema-product-images.digital.rema1000.dk/23912/1-large-18oXdQOokb.webp"}], "prices": [{"price": 21.95, "price_over_max_quantity": null, "max_quantity": null, "is_advertised": false, "is_campaign": false, "starting_at": "2024-06-06T00:00:00+00:00", "ending_at": "2099-12-31T00:00:00+00:00", "deposit": 1.5, "compare_unit": "ltr", "compare_unit_price": 64.56, "consumption_unit": null, "consumption_quantity": null}], "temperature_zone": "refrigerated_5_degrees_celsius", "is_self_scale_item": false, "is_weight_item": false, "is_available_in_all_stores": true, "is_batch_item": false}
{"id": 23913, "name": "MOCKTAIL MOJITO", "underline": "750 ML. / ELLA SARA, LÆSKEDRIK", "age_limit": null, "hazard_precaution_statements": [], "labels": [{"id": 9001, "name": "Avisvare", "image": "https://static-assets.digital.rema1000.dk/product/labels/9001-64.webp"}], "description": null, "info": "", "images": [{"small": "https://rema-product-images.digital.rema1000.dk/23913/1-small-wyPbGp5oEm.webp", "medium": "https://rema-product-images.digital.rema1000.dk/23913/1-medium-wyPbGp5oEm.webp", "large": "https://rema-product-images.digital.rema1000.dk/23913/1-large-wyPbGp5oEm.webp"}], "prices": [{"price": 15, "price_over_max_quantity": null, "max_quantity": null, "is_advertised": true, "is_campaign": false, "starting_at": "2025-08-17T00:00:00+00:00", "ending_at": "2025-11-15T00:00:00+00:00", "deposit": 1.5, "compare_unit": "ltr", "compare_unit_price": 20, "consumption_unit": null, "consumption_quantity": null}], "temperature_zone": "refrigerated_5_degrees_celsius", "is_self_scale_item": false, "is_weight_item": false, "is_available_in_all_stores": true, "is_batch_item": true}
{"id": 23915, "name": "LEMONADE", "underline": "750 ML. / ELLA SARA, CITRON HINDBÆR", "age_limit": null, "hazard_precaution_statements": [], "labels": [{"id": 9001, "name": "Avisvare", "image": "https://static-assets.digital.rema1000.dk/product/labels/9001-64.webp"}], "description": null, "info": "", "images": [{"small": "https://rema-product-images.digital.rema1000.dk/23915/1-small-KpqRlN1PLz.webp", "medium": "https://rema-product-images.digital.rema1000.dk/23915/1-medium-KpqRlN1PLz.webp", "large": "https://rema-product-images.digital.rema1000.dk/23915/1-large-KpqRlN1PLz.webp"}], "prices": [{"price": 15, "price_over_max_quantity": null, "max_quantity": null, "is_advertised": true, "is_campaign": false, "starting_at": "2025-08-17T00:00:00+00:00", "ending_at": "2025-11-15T00:00:00+00:00", "deposit": 1.5, "compare_unit": "ltr", "compare_unit_price": 20, "consumption_unit": null, "consumption_quantity": null}], "temperature_zone": "refrigerated_5_degrees_celsius", "is_self_scale_item": false, "is_weight_item": false, "is_available_in_all_stores": true, "is_batch_item": true}
{"id": 23926, "name": "CHILI+GURKEMEJESHOT", "underline": "60 ML. / FRANKLY, ØKOLOGISK", "age_limit": null, "hazard_precaution_statements": [], "labels": [{"id": 5, "name": "Økologi", "image": "https://static-assets.digital.rema1000.dk/product/labels/5-64.webp"}, {"id": 6, "name": "Økologi", "image": "https://static-assets.digital.rema1000.dk/product/labels/6-64.webp"}], "description": null, "info": "", "images": [{"small": "https://rema-product-images.digital.rema1000.dk/23926/1-small-kOq3mBMP63.webp", "medium": "https://rema-product-images.digital.rema1000.dk/23926/1-medium-kOq3mBMP63.webp", "large": "https://rema-product-images.digital.rema1000.dk/23926/1-large-kOq3mBMP63.webp"}], "prices": [{"price": 10, "price_over_max_quantity": null, "max_quantity": null, "is_advertised": false, "is_campaign": false, "starting_at": "2020-03-30T00:00:00+00:00", "ending_at": "2099-12-31T00:00:00+00:00", "deposit": null, "compare_unit": "ltr", "compare_unit_price": 166.67, "consumption_unit": null, "consumption_quantity": null}], "temperature_zone": "refrigerated_5_degrees_celsius", "is_self_scale_item": false, "is_weight_item": false, "is_available_in_all_stores": false, "is_batch_item": false}
{"id": 23933, "name": "ÆBLE & BLÅBÆR JUICE", "underline": "1 LTR. / REMA 1000, MED LIME", "age_limit": null, "hazard_precaution_statements": [], "labels": [{"id": 2, "name": "REMA1000", "image": "https://static-assets.digital.rema1000.dk/product/labels/2-64.webp"}], "description": "<b>Discount med holdning</b><br />I REMA 1000 har vi fokus på kvalitet til lave priser og overskriften på vores arbejde er Discount med holdning.<br /><br />Vi har en klar holdning til alle de varer, vi sælger. Vi stiller ikke kun krav til kvaliteten af vores egne mærkevarer – det er også vigtigt for os, at emballagerne er designet til genanvendelse, at indholdet er uden problematiske stoffer, og at varerne er produceret ansvarligt samt mærket med tydelige og valide certificeringer.<br /><br /><b>Om denne vare</b><br />REMA 1000 æble- og blåbærjuice med lime er en dejlig frugtig juice. Juicen er perfekt til det danske morgenbord og nydes bedst iskold.", "info": "", "images": [{"small": "https://rema-product-images.digital.rema1000.dk/23933/1-small-YLPj4E2qkx.webp", "medium": "https://rema-product-images.digital.rema1000.dk/23933/1-medium-YLPj4E2qkx.webp", "large": "https://rema-product-images.digital.rema1000.dk/23933/1-large-YLPj4E2qkx.webp"}], "prices": [{"price": 24.95, "price_over_max_quantity": null, "max_quantity": null, "is_advertised": false, "is_campaign": false, "starting_at": "2025-01-30T00:00:00+00:00", "ending_at": "2099-12-31T00:00:00+00:00", "deposit": 3, "compare_unit": "ltr", "compare_unit_price": 24.95, "consumption_unit": null, "consumption_quantity": null}], "temperature_zone": "refrigerated_5_degrees_celsius", "is_self_scale_item": false, "is_weight_item": false, "is_available_in_all_stores": true, "is_batch_item": false}
{"id": 23946, "name": "INNOCENT JUICE", "underline": "900 ML. / ÆBLE & HINDBÆR", "age_limit": null, "hazard_precaution_statements": [], "labels": [], "description": null, "info": "", "images": [{"small": "https://rema-product-images.digital.rema1000.dk/23946/1-small-kAonQmyPx8.webp", "medium": "https://rema-product-images.digital.rema1000.dk/23946/1-medium-kAonQmyPx8.webp", "large": "https://rema-product-images.digital.rema1000.dk/23946/1-large-kAonQmyPx8.webp"}], "prices": [{"price": 22, "price_over_max_quantity": null, "max_quantity": null, "is_advertised": false, "is_campaign": true, "starting_at": "2025-08-07T00:00:00+00:00", "ending_at": "2025-09-03T00:00:00+00:00", "deposit": 1.5, "compare_unit": "ltr", "compare_unit_price": 24.44, "consumption_unit": null, "consumption_quantity": null}], "temperature_zone": "refrigerated_5_degrees_celsius", "is_self_scale_item": false, "is_weight_item": false, "is_available_in_all_stores": false, "is_batch_item": false}
{"id": 23969, "name": "PROTEINDRIK", "underline": "220 ML. / WHITEPRO SALTED CARAMEL", "age_limit": null, "hazard_precaution_statements": [], "labels": [], "description": null, "info": "", "images": [{"small": "https://rema-product-images.digital.rema1000.dk/23969/1-small-Ea91D7aqzY.webp", "medium": "https://rema-product-images.digital.rema1000.dk/23969/1-medium-Ea91D7aqzY.webp", "large": "https://rema-product-images.digital.rema1000.dk/23969/1-large-Ea91D7aqzY.webp"}], "prices": [{"price": 14.95, "price_over_max_quantity": null, "max_quantity": null, "is_advertised": false, "is_campaign": false, "starting_at": "2025-06-01T00:00:00+00:00", "ending_at": "2099-12-31T00:00:00+00:00", "deposit": null, "compare_unit": "ltr", "compare_unit_price": 67.95, "consumption_unit": null, "consumption_quantity": null}], "temperature_zone": "refrigerated_5_degrees_celsius", "is_self_scale_item": false, "is_weight_item": false, "is_available_in_all_stores": false, "is_batch_item": false}
{"id": 23986, "name": "PROTEIN DRIKKEYOGHURT", "underline": "500 ML. / ARLA, HINDBÆR", "age_limit": null, "hazard_precaution_statements": [], "labels": [], "description": "Arla® Protein er rig på naturligt protein, som hjælper med at vedligeholde og øge muskelmassen.  Arla® Protein drink har en lækker  smag af hindbær i mælken. Arla® Protein er velegnet i  forbindelse med træning eller blot som et velsmagende og mættende mellemmåltid.", "info": "", "images": [{"small": "https://rema-product-images.digital.rema1000.dk/23986/1-small-A4PyvQAoLV.webp", "medium": "https://rema-product-images.digital.rema1000.dk/23986/1-medium-A4PyvQAoLV.webp", "large": "https://rema-product-images.digital.rema1000.dk/23986/1-large-A4PyvQAoLV.webp"}], "prices": [{"price": 16.25, "price_over_max_quantity": null, "max_quantity": null, "is_advertised": false, "is_campaign": false, "starting_at": "2025-01-30T00:00:00+00:00", "ending_at": "2099-12-31T00:00:00+00:00", "deposit": null, "compare_unit": "ltr", "compare_unit_price": 32.5, "consumption_unit": null, "consumption_quantity": null}], "temperature_zone": "refrigerated_5_degrees_celsius", "is_self_scale_item": false, "is_weight_item": false, "is_available_in_all_stores": true, "is_batch_item": false}
{"id": 23987, "name": "BLÅBÆR YOGHURT", "underline": "500 ML. / ARLA CULTURA, DRIKKE", "age_limit": null, "hazard_precaution_statements": [], "labels": [{"id": 37, "name": "Laktose fri", "image": "https://static-assets.digital.rema1000.dk/product/labels/37-64.webp"}], "description": null, "info": "", "images": [{"small": "https://rema-product-images.digital.rema1000.dk/23987/1-small-dyomJvYqVm.webp", "medium": "https://rema-product-images.digital.rema1000.dk/23987/1-medium-dyomJvYqVm.webp", "large": "https://rema-product-images.digital.rema1000.dk/23987/1-large-dyomJvYqVm.webp"}], "prices": [{"price": 16.25, "price_over_max_quantity": null, "max_quantity": null, "is_advertised": false, "is_campaign": false, "starting_at": "2025-01-30T00:00:00+00:00", "ending_at": "2099-12-31T00:00:00+00:00", "deposit": null, "compare_unit": "ltr", "compare_unit_price": 32.5, "consumption_unit": null, "consumption_quantity": null}], "temperature_zone": "refrigerated_5_degrees_celsius", "is_self_scale_item": false, "is_weight_item": false, "is_available_in_all_stores": false, "is_batch_item": false}
{"id": 23990, "name": "DRIK MED BLÅBÆR", "underline": "330 ML. / ARLA CULTURA", "age_limit": null, "hazard_precaution_statements": [], "labels": [{"id": 37, "name": "Laktose fri", "image": "https://static-assets.digital.rema1000.dk/product/labels/37-64.webp"}], "description": null, "info": "", "images": [{"small": "https://rema-product-images.digital.rema1000.dk/23990/1-small-kAonQRyPx8.webp", "medium": "https://rema-product-images.digital.rema1000.dk/23990/1-medium-kAonQRyPx8.webp", "large": "https://rema-product-images.digital.rema1000.dk/23990/1-large-kAonQRyPx8.webp"}], "prices": [{"price": 12.95, "price_over_max_quantity": null, "max_quantity": null, "is_advertised": false, "is_campaign": false, "starting_at": "2025-02-07T00:00:00+00:00", "ending_at": "2099-12-31T00:00:00+00:00", "deposit": null, "compare_unit": "ltr", "compare_unit_price": 39.24, "consumption_unit": null, "consumption_quantity": null}], "temperature_zone": "refrigerated_5_degrees_celsius", "is_self_scale_item": false, "is_weight_item": false, "is_available_in_all_stores": true, "is_batch_item": false}
{"id": 240006, "name": "ENGLISH EARL GREY", "underline": "50 STK. / FREDSTED", "age_limit": null, "hazard_precaution_statements": [], "labels": [], "description": null, "info": "", "images": [{"small": "https://rema-product-images.digital.rema1000.dk/240006/1-small-vVorQYpkP3.webp", "medium": "https://rema-product-images.digital.rema1000.dk/240006/1-medium-vVorQYpkP3.webp", "large": "https://rema-product-images.digital.rema1000.dk/240006/1-large-vVorQYpkP3.webp"}], "prices": [{"price": 10.6, "price_over_max_quantity": null, "max_quantity": null, "is_advertised": false, "is_campaign": false, "starting_at": "2025-07-31T00:00:00+00:00", "ending_at": "2099-12-31T00:00:00+00:00", "deposit": null, "compare_unit": "stk", "compare_unit_price": 0.21, "consumption_unit": null, "consumption_quantity": null}], "temperature_zone": null, "is_self_scale_item": false, "is_weight_item": false, "is_available_in_all_stores": true, "is_batch_item": false}
{"id": 24001, "name": "ACTIMEL", "underline": "400 GR. / JORDBÆR 4 STK.", "age_limit": null, "hazard_precaution_statements": [], "labels": [], "description": null, "info": "", "images": [{"small": "https://rema-product-images.digital.rema1000.dk/24001/1-small-ElPBd8QqkG.webp", "medium": "https://rema-product-images.digital.rema1000.dk/24001/1-medium-ElPBd8QqkG.webp", "large": "https://rema-product-images.digital.rema1000.dk/24001/1-large-ElPBd8QqkG.webp"}], "prices": [{"price": 21.95, "price_over_max_quantity": null, "max_quantity": null, "is_advertised": false, "is_campaign": false, "starting_at": "2023-01-26T00:00:00+00:00", "ending_at": "2099-12-31T00:00:00+00:00", "deposit": null, "compare_unit": "kg", "compare_unit_price": 54.88, "consumption_unit": null, "consumption_quantity": null}], "temperature_zone": "refrigerated_5_degrees_celsius", "is_self_scale_item": false, "is_weight_item": false, "is_available_in_all_stores": false, "is_batch_item": false}
{"id": 240036, "name": "PEPPERMINT & LICORICE", "underline": "30 GR. / PUKKA", "age_limit": null, "hazard_precaution_statements": [], "labels": [{"id": 9001, "name": "Avisvare", "image": "https://static-assets.digital.rema1000.dk/product/labels/9001-64.webp"}, {"id": 5, "name": "Økologi", "image": "https://static-assets.digital.rema1000.dk/product/labels/5-64.webp"}], "description": null, "info": "", "images": [{"small": "https://rema-product-images.digital.rema1000.dk/240036/1-small-7doLw4Z1P6.webp", "medium": "https://rema-product-images.digital.rema1000.dk/240036/1-medium-7doLw4Z1P6.webp", "large": "https://rema-product-images.digital.rema1000.dk/240036/1-large-7doLw4Z1P6.webp"}], "prices": [{"price": 30, "price_over_max_quantity": null, "max_quantity": null, "is_advertised": true, "is_campaign": false, "starting_at": "2025-08-17T00:00:00+00:00", "ending_at": "2025-11-15T00:00:00+00:00", "deposit": null, "compare_unit": "kg", "compare_unit_price": 1000, "consumption_unit": null, "consumption_quantity": null}], "temperature_zone": null, "is_self_scale_item": false, "is_weight_item": false, "is_available_in_all_stores": true, "is_batch_item": true}
{"id": 240041, "name": "SKOVBÆRTE", "underline": "30 GR. / REMA 1000", "age_limit": null, "hazard_precaution_statements": [], "labels": [{"id": 2, "name": "REMA1000", "image": "https://static-assets.digital.rema1000.dk/product/labels/2-64.webp"}, {"id": 5, "name": "Økologi", "image": "https://static-assets.digital.rema1000.dk/product/labels/5-64.webp"}], "description": "<b>Discount med holdning</b><br />I REMA 1000 har vi fokus på kvalitet til lave priser og overskriften på vores arbejde er Discount med holdning.<br /><br />Vi har en klar holdning til alle de varer, vi sælger. Vi stiller ikke kun krav til kvaliteten af vores egne mærkevarer – det er også vigtigt for os, at emballagerne er designet til genanvendelse, at indholdet er uden problematiske stoffer, og at varerne er produceret ansvarligt samt mærket med tydelige og valide certificeringer.<br /><br /><b>Om denne vare</b><br />REMA 1000 økologisk skovbær te er en klassisk sort te i breve med smag af skovbær.<br /><br /><b>Tilberedning</b><br />Læg tebrevet i en kop og hæld kogende vand over. Lad det trække 3-5 min. Herefter fjernes tebrevet og teen er klar.", "info": "", "images": [{"small": "https://rema-product-images.digital.rema1000.dk/240041/1-small-we9E3VKQog.webp", "medium": "https://rema-product-images.digital.rema1000.dk/240041/1-medium-we9E3VKQog.webp", "large": "https://rema-product-images.digital.rema1000.dk/240041/1-large-we9E3VKQog.webp"}], "prices": [{"price": 10, "price_over_max_quantity": null, "max_quantity": null, "is_advertised": false, "is_campaign": false, "starting_at": "2019-07-04T00:00:00+00:00", "ending_at": "2099-12-31T00:00:00+00:00", "deposit": null, "compare_unit": "kg", "compare_unit_price": 333.33, "consumption_unit": null, "consumption_quantity": null}], "temperature_zone": null, "is_self_scale_item": false, "is_weight_item": false, "is_available_in_all_stores": true, "is_batch_item": false}
{"id": 240043, "name": "ENGLISH BREAKFAST", "underline": "30 GR. / REMA 1000", "age_limit": null, "hazard_precaution_statements": [], "labels": [{"id": 2, "name": "REMA1000", "image": "https://static-assets.digital.rema1000.dk/product/labels/2-64.webp"}, {"id": 5, "name": "Økologi", "image": "https://static-assets.digital.rema1000.dk/product/labels/5-64.webp"}], "description": "<b>Discount med holdning</b><br />I REMA 1000 har vi fokus på kvalitet til lave priser og overskriften på vores arbejde er Discount med holdning.<br /><br />Vi har en klar holdning til alle de varer, vi sælger. Vi stiller ikke kun krav til kvaliteten af vores egne mærkevarer – det er også vigtigt for os, at emballagerne er designet til genanvendelse, at indholdet er uden problematiske stoffer, og at varerne er produceret ansvarligt samt mærket med tydelige og valide certificeringer.<br /><br /><b>Om denne vare</b><br />REMA 1000 økologisk english breakfast te er en klassisk sort te i breve.<br /><br /><b>Tilberedning</b><br />Læg tebrevet i en kop og hæld kogende vand over. Lad det trække 4 min. Herefter fjernes tebrevet og teen er klar.", "info": "", "images": [{"small": "https://rema-product-images.digital.rema1000.dk/240043/1-small-dyomlAM7PV.webp", "medium": "https://rema-product-images.digital.rema1000.dk/240043/1-medium-dyomlAM7PV.webp", "large": "https://rema-product-images.digital.rema1000.dk/240043/1-large-dyomlAM7PV.webp"}], "prices": [{"price": 10, "price_over_max_quantity": null, "max_quantity": null, "is_advertised": false, "is_campaign": false, "starting_at": "2019-07-04T00:00:00+00:00", "ending_at": "2099-12-31T00:00:00+00:00", "deposit": null, "compare_unit": "kg", "compare_unit_price": 333.33, "consumption_unit": null, "consumption_quantity": null}], "temperature_zone": null, "is_self_scale_item": false, "is_weight_item": false, "is_available_in_all_stores": true, "is_batch_item": false}
{"id": 240044, "name": "EARL GREY", "underline": "200 GR. / REMA 1000", "age_limit": null, "hazard_precaution_statements": [], "labels": [{"id": 2, "name": "REMA1000", "image": "https://static-assets.digital.rema1000.dk/product/labels/2-64.webp"}], "description": "<b>Discount med holdning</b><br />I REMA 1000 har vi fokus på kvalitet til lave priser og overskriften på vores arbejde er Discount med holdning.<br /><br />Vi har en klar holdning til alle de varer, vi sælger. Vi stiller ikke kun krav til kvaliteten af vores egne mærkevarer – det er også vigtigt for os, at emballagerne er designet til genanvendelse, at indholdet er uden problematiske stoffer, og at varerne er produceret ansvarligt samt mærket med tydelige og valide certificeringer.<br /><br /><b>Om denne vare</b><br />REMA 1000 earl grey te er løs sort te med smag af bergamot. Teen har en sødlig og kraftig aromatisk eftersmag.<br /><br /><b>Tilberedning</b><br />Fyld den løse te i en tepose og læg den i en kop. Hæld kogende vand over og lad det trække i 3-5 min. Herefter fjernes teposen, og teen er klar.", "info": "", "images": [{"small": "https://rema-product-images.digital.rema1000.dk/240044/1-small-xePwB3Ze9w.webp", "medium": "https://rema-product-images.digital.rema1000.dk/240044/1-medium-xePwB3Ze9w.webp", "large": "https://rema-product-images.digital.rema1000.dk/240044/1-large-xePwB3Ze9w.webp"}], "prices": [{"price": 21.95, "price_over_max_quantity": null, "max_quantity": null, "is_advertised": false, "is_campaign": false, "starting_at": "2025-02-06T00:00:00+00:00", "ending_at": "2099-12-31T00:00:00+00:00", "deposit": null, "compare_unit": "kg", "compare_unit_price": 109.75, "consumption_unit": null, "consumption_quantity": null}], "temperature_zone": null, "is_self_scale_item": false, "is_weight_item": false, "is_available_in_all_stores": true, "is_batch_item": false}
{"id": 240092, "name": "VARIATION BOX", "underline": "30 GR. / PICKWICK, ORANGE", "age_limit": null, "hazard_precaution_statements": [], "labels": [{"id": 95, "name": "Rainforest Alliance", "image": "https://static-assets.digital.rema1000.dk/product/labels/95-64.webp"}], "description": null, "info": "", "images": [{"small": "https://rema-product-images.digital.rema1000.dk/240092/1-small-OJq5aKzlqp.webp", "medium": "https://rema-product-images.digital.rema1000.dk/240092/1-medium-OJq5aKzlqp.webp", "large": "https://rema-product-images.digital.rema1000.dk/240092/1-large-OJq5aKzlqp.webp"}], "prices": [{"price": 16.95, "price_over_max_quantity": null, "max_quantity": null, "is_advertised": false, "is_campaign": false, "starting_at": "2022-09-08T00:00:00+00:00", "ending_at": "2099-12-31T00:00:00+00:00", "deposit": null, "compare_unit": "kg", "compare_unit_price": 565, "consumption_unit": null, "consumption_quantity": null}], "temperature_zone": null, "is_self_scale_item": false, "is_weight_item": false, "is_available_in_all_stores": true, "is_batch_item": false}
{"id": 240122, "name": "GRØN TE", "underline": "100 GR. / REMA 1000", "age_limit": null, "hazard_precaution_statements": [], "labels": [{"id": 2, "name": "REMA1000", "image": "https://static-assets.digital.rema1000.dk/product/labels/2-64.webp"}], "description": "<b>Discount med holdning</b><br />I REMA 1000 har vi fokus på kvalitet til lave priser og overskriften på vores arbejde er Discount med holdning.<br /><br />Vi har en klar holdning til alle de varer, vi sælger. Vi stiller ikke kun krav til kvaliteten af vores egne mærkevarer – det er også vigtigt for os, at emballagerne er designet til genanvendelse, at indholdet er uden problematiske stoffer, og at varerne er produceret ansvarligt samt mærket med tydelige og valide certificeringer.<br /><br /><b>Om denne vare</b><br />REMA 1000 grøn te er løs te med kvædesmag - en sødlig og kraftig aromatisk eftersmag.<br /><br /><b>Tilberedning</b><br />Fyld den løse te i en tepose og læg den i en kop. Hæld 80° varmt vand over og lad det trække i 3-5 min. Herefter fjernes teposen, og teen er klar.<br /><br /><b>Tip</b>: Grøn te skal altid kun tilsættes 80 °C varmt vand, da teen ellers har tendens til at blive bitter.", "info": "", "images": [{"small": "https://rema-product-images.digital.rema1000.dk/240122/1-small-pyozpEdK9X.webp", "medium": "https://rema-product-images.digital.rema1000.dk/240122/1-medium-pyozpEdK9X.webp", "large": "https://rema-product-images.digital.rema1000.dk/240122/1-large-pyozpEdK9X.webp"}], "prices": [{"price": 19.95, "price_over_max_quantity": null, "max_quantity": null, "is_advertised": false, "is_campaign": false, "starting_at": "2021-12-19T00:00:00+00:00", "ending_at": "2099-12-31T00:00:00+00:00", "deposit": null, "compare_unit": "kg", "compare_unit_price": 199.5, "consumption_unit": null, "consumption_quantity": null}], "temperature_zone": null, "is_self_scale_item": false, "is_weight_item": false, "is_available_in_all_stores": true, "is_batch_item": false}
{"id": 24017, "name": "MANGO & LIME", "underline": "1000 GR. / CHEASY, SKYR YOGHURT", "age_limit": null, "hazard_precaution_statements": [], "labels": [], "description": null, "info": "", "images": [{"small": "https://rema-product-images.digital.rema1000.dk/24017/1-small-Z8qpEGY93N.webp", "medium": "https://rema-product-images.digital.rema1000.dk/24017/1-medium-Z8qpEGY93N.webp", "large": "https://rema-product-images.digital.rema1000.dk/24017/1-large-Z8qpEGY93N.webp"}], "prices": [{"price": 32.95, "price_over_max_quantity": null, "max_quantity": null, "is_advertised": false, "is_campaign": false, "starting_at": "2024-09-26T00:00:00+00:00", "ending_at": "2025-08-20T00:00:00+00:00", "deposit": null, "compare_unit": "kg", "compare_unit_price": 32.95, "consumption_unit": null, "consumption_quantity": null}], "temperature_zone": "refrigerated_5_degrees_celsius", "is_self_scale_item": false, "is_weight_item": false, "is_available_in_all_stores": false, "is_batch_item": false}
{"id": 240205, "name": "SØDETABLETTER", "underline": "1200 STK. / REMA 1000", "age_limit": null, "hazard_precaution_statements": [], "labels": [{"id": 2, "name": "REMA1000", "image": "https://static-assets.digital.rema1000.dk/product/labels/2-64.webp"}, {"id": 31, "name": "Ikke tilsat sukker", "image": "https://static-assets.digital.rema1000.dk/product/labels/31-64.webp"}], "description": null, "info": "", "images": [{"small": "https://rema-product-images.digital.rema1000.dk/240205/1-small-xQq8YXVO9Z.webp", "medium": "https://rema-product-images.digital.rema1000.dk/240205/1-medium-xQq8YXVO9Z.webp", "large": "https://rema-product-images.digital.rema1000.dk/240205/1-large-xQq8YXVO9Z.webp"}], "prices": [{"price": 17.5, "price_over_max_quantity": null, "max_quantity": null, "is_advertised": false, "is_campaign": false, "starting_at": "2023-08-10T00:00:00+00:00", "ending_at": "2099-12-31T00:00:00+00:00", "deposit": null, "compare_unit": "stk", "compare_unit_price": 0.01, "consumption_unit": null, "consumption_quantity": null}], "temperature_zone": null, "is_self_scale_item": false, "is_weight_item": false, "is_available_in_all_stores": true, "is_batch_item": false}
{"id": 240210, "name": "FLYDENDE SØDEMIDDEL", "underline": "300 ML. / REMA 1000", "age_limit": null, "hazard_precaution_statements": [], "labels": [{"id": 2, "name": "REMA1000", "image": "https://static-assets.digital.rema1000.dk/product/labels/2-64.webp"}, {"id": 31, "name": "Ikke tilsat sukker", "image": "https://static-assets.digital.rema1000.dk/product/labels/31-64.webp"}], "description": null, "info": "", "images": [{"small": "https://rema-product-images.digital.rema1000.dk/240210/1-small-Al9035jyq8.webp", "medium": "https://rema-product-images.digital.rema1000.dk/240210/1-medium-Al9035jyq8.webp", "large": "https://rema-product-images.digital.rema1000.dk/240210/1-large-Al9035jyq8.webp"}], "prices": [{"price": 19.95, "price_over_max_quantity": null, "max_quantity": null, "is_advertised": false, "is_campaign": false, "starting_at": "2022-10-14T00:00:00+00:00", "ending_at": "2099-12-31T00:00:00+00:00", "deposit": null, "compare_unit": "ltr", "compare_unit_price": 66.5, "consumption_unit": null, "consumption_quantity": null}], "temperature_zone": null, "is_self_scale_item": false, "is_weight_item": false, "is_available_in_all_stores": true, "is_batch_item": false}
{"id": 240217, "name": "SØDESTOF", "underline": "75 GR. / REMA 1000", "age_limit": null, "hazard_precaution_statements": [], "labels": [{"id": 2, "name": "REMA1000", "image": "https://static-assets.digital.rema1000.dk/product/labels/2-64.webp"}, {"id": 31, "name": "Ikke tilsat sukker", "image": "https://static-assets.digital.rema1000.dk/product/labels/31-64.webp"}], "description": null, "info": "", "images": [{"small": "https://rema-product-images.digital.rema1000.dk/240217/1-small-Z8qppW84q3.webp", "medium": "https://rema-product-images.digital.rema1000.dk/240217/1-medium-Z8qppW84q3.webp", "large": "https://rema-product-images.digital.rema1000.dk/240217/1-large-Z8qppW84q3.webp"}], "prices": [{"price": 15.95, "price_over_max_quantity": null, "max_quantity": null, "is_advertised": false, "is_campaign": false, "starting_at": "2025-04-17T00:00:00+00:00", "ending_at": "2099-12-31T00:00:00+00:00", "deposit": null, "compare_unit": "kg", "compare_unit_price": 212.67, "consumption_unit": null, "consumption_quantity": null}], "temperature_zone": null, "is_self_scale_item": false, "is_weight_item": false, "is_available_in_all_stores": true, "is_batch_item": false}
{"id": 240243, "name": "SORT TE", "underline": "30 GR. / FREDSTED, RABARBER", "age_limit": null, "hazard_precaution_statements": [], "labels": [], "description": null, "info": "", "images": [{"small": "https://rema-product-images.digital.rema1000.dk/240243/1-small-dyomlxVnPV.webp", "medium": "https://rema-product-images.digital.rema1000.dk/240243/1-medium-dyomlxVnPV.webp", "large": "https://rema-product-images.digital.rema1000.dk/240243/1-large-dyomlxVnPV.webp"}], "prices": [{"price": 19.95, "price_over_max_quantity": null, "max_quantity": null, "is_advertised": false, "is_campaign": false, "starting_at": "2025-02-06T00:00:00+00:00", "ending_at": "2099-12-31T00:00:00+00:00", "deposit": null, "compare_unit": "kg", "compare_unit_price": 665, "consumption_unit": null, "consumption_quantity": null}], "temperature_zone": null, "is_self_scale_item": false, "is_weight_item": false, "is_available_in_all_stores": true, "is_batch_item": false}
{"id": 240251, "name": "GRØN TE MED CITRON", "underline": "24 GR. / FREDSTED", "age_limit": null, "hazard_precaution_statements": [], "labels": [{"id": 5, "name": "Økologi", "image": "https://static-assets.digital.rema1000.dk/product/labels/5-64.webp"}], "description": null, "info": "", "images": [{"small": "https://rema-product-images.digital.rema1000.dk/240251/1-small-v09gQZlxoA.webp", "medium": "https://rema-product-images.digital.rema1000.dk/240251/1-medium-v09gQZlxoA.webp", "large": "https://rema-product-images.digital.rema1000.dk/240251/1-large-v09gQZlxoA.webp"}], "prices": [{"price": 19.95, "price_over_max_quantity": null, "max_quantity": null, "is_advertised": false, "is_campaign": false, "starting_at": "2025-02-06T00:00:00+00:00", "ending_at": "2099-12-31T00:00:00+00:00", "deposit": null, "compare_unit": "kg", "compare_unit_price": 831.25, "consumption_unit": null, "consumption_quantity": null}], "temperature_zone": null, "is_self_scale_item": false, "is_weight_item": false, "is_available_in_all_stores": true, "is_batch_item": false}
{"id": 240261, "name": "CREMET KAKAO", "underline": "200 GR. / REMA 1000", "age_limit": null, "hazard_precaution_statements": [], "labels": [{"id": 2, "name": "REMA1000", "image": "https://static-assets.digital.rema1000.dk/product/labels/2-64.webp"}, {"id": 95, "name": "Rainforest Alliance", "image": "https://static-assets.digital.rema1000.dk/product/labels/95-64.webp"}], "description": null, "info": "", "images": [{"small": "https://rema-product-images.digital.rema1000.dk/240261/1-small-Z8qppW74q3.webp", "medium": "https://rema-product-images.digital.rema1000.dk/240261/1-medium-Z8qppW74q3.webp", "large": "https://rema-product-images.digital.rema1000.dk/240261/1-large-Z8qppW74q3.webp"}], "prices": [{"price": 14.95, "price_over_max_quantity": null, "max_quantity": null, "is_advertised": false, "is_campaign": false, "starting_at": "2025-06-05T00:00:00+00:00", "ending_at": "2099-12-31T00:00:00+00:00", "deposit": null, "compare_unit": "kg", "compare_unit_price": 74.75, "consumption_unit": null, "consumption_quantity": null}], "temperature_zone": null, "is_self_scale_item": false, "is_weight_item": false, "is_available_in_all_stores": true, "is_batch_item": false}
{"id": 240275, "name": "LEMON, GINGER & HONEY", "underline": "40 GR. / PUKKA", "age_limit": null, "hazard_precaution_statements": [], "labels": [{"id": 9001, "name": "Avisvare", "image": "https://static-assets.digital.rema1000.dk/product/labels/9001-64.webp"}, {"id": 5, "name": "Økologi", "image": "https://static-assets.digital.rema1000.dk/product/labels/5-64.webp"}], "description": null, "info": "", "images": [{"small": "https://rema-product-images.digital.rema1000.dk/240275/1-small-01q21rDOo7.webp", "medium": "https://rema-product-images.digital.rema1000.dk/240275/1-medium-01q21rDOo7.webp", "large": "https://rema-product-images.digital.rema1000.dk/240275/1-large-01q21rDOo7.webp"}], "prices": [{"price": 30, "price_over_max_quantity": null, "max_quantity": null, "is_advertised": true, "is_campaign": false, "starting_at": "2025-08-17T00:00:00+00:00", "ending_at": "2025-11-15T00:00:00+00:00", "deposit": null, "compare_unit": "kg", "compare_unit_price": 750, "consumption_unit": null, "consumption_quantity": null}], "temperature_zone": null, "is_self_scale_item": false, "is_weight_item": false, "is_available_in_all_stores": true, "is_batch_item": true}
{"id": 240291, "name": "GOLD REFILL", "underline": "210 GR. / NESCAFE", "age_limit": null, "hazard_precaution_statements": [], "labels": [], "description": null, "info": "", "images": [{"small": "https://rema-product-images.digital.rema1000.dk/240291/1-small-3MoMBjgQq5.webp", "medium": "https://rema-product-images.digital.rema1000.dk/240291/1-medium-3MoMBjgQq5.webp", "large": "https://rema-product-images.digital.rema1000.dk/240291/1-large-3MoMBjgQq5.webp"}], "prices": [{"price": 75, "price_over_max_quantity": null, "max_quantity": null, "is_advertised": false, "is_campaign": false, "starting_at": "2025-07-03T00:00:00+00:00", "ending_at": "2099-12-31T00:00:00+00:00", "deposit": null, "compare_unit": "kg", "compare_unit_price": 357.14, "consumption_unit": null, "consumption_quantity": null}], "temperature_zone": null, "is_self_scale_item": false, "is_weight_item": false, "is_available_in_all_stores": false, "is_batch_item": false}
{"id": 240316, "name": "THREE GINGER", "underline": "36 GR. / PUKKA", "age_limit": null, "hazard_precaution_statements": [], "labels": [{"id": 9001, "name": "Avisvare", "image": "https://static-assets.digital.rema1000.dk/product/labels/9001-64.webp"}, {"id": 6, "name": "Økologi", "image": "https://static-assets.digital.rema1000.dk/product/labels/6-64.webp"}], "description": null, "info": "", "images": [{"small": "https://rema-product-images.digital.rema1000.dk/240316/1-small-6xqAxYONoD.webp", "medium": "https://rema-product-images.digital.rema1000.dk/240316/1-medium-6xqAxYONoD.webp", "large": "https://rema-product-images.digital.rema1000.dk/240316/1-large-6xqAxYONoD.webp"}], "prices": [{"price": 30, "price_over_max_quantity": null, "max_quantity": null, "is_advertised": true, "is_campaign": false, "starting_at": "2025-08-17T00:00:00+00:00", "ending_at": "2025-11-15T00:00:00+00:00", "deposit": null, "compare_unit": "kg", "compare_unit_price": 833.33, "consumption_unit": null, "consumption_quantity": null}], "temperature_zone": null, "is_self_scale_item": false, "is_weight_item": false, "is_available_in_all_stores": true, "is_batch_item": true}
{"id": 240317, "name": "MATCHA GREEN", "underline": "30 GR. / PUKKA", "age_limit": null, "hazard_precaution_statements": [], "labels": [{"id": 9001, "name": "Avisvare", "image": "https://static-assets.digital.rema1000.dk/product/labels/9001-64.webp"}, {"id": 6, "name": "Økologi", "image": "https://static-assets.digital.rema1000.dk/product/labels/6-64.webp"}], "description": null, "info": "", "images": [{"small": "https://rema-product-images.digital.rema1000.dk/240317/1-small-Z8qppWA1q3.webp", "medium": "https://rema-product-images.digital.rema1000.dk/240317/1-medium-Z8qppWA1q3.webp", "large": "https://rema-product-images.digital.rema1000.dk/240317/1-large-Z8qppWA1q3.webp"}], "prices": [{"price": 30, "price_over_max_quantity": null, "max_quantity": null, "is_advertised": true, "is_campaign": false, "starting_at": "2025-08-17T00:00:00+00:00", "ending_at": "2025-11-15T00:00:00+00:00", "deposit": null, "compare_unit": "kg", "compare_unit_price": 1000, "consumption_unit": null, "consumption_quantity": null}], "temperature_zone": null, "is_self_scale_item": false, "is_weight_item": false, "is_available_in_all_stores": true, "is_batch_item": true}
{"id": 240318, "name": "LOVE", "underline": "24 GR. / PUKKA", "age_limit": null, "hazard_precaution_statements": [], "labels": [{"id": 9001, "name": "Avisvare", "image": "https://static-assets.digital.rema1000.dk/product/labels/9001-64.webp"}, {"id": 6, "name": "Økologi", "image": "https://static-assets.digital.rema1000.dk/product/labels/6-64.webp"}], "description": null, "info": "", "images": [{"small": "https://rema-product-images.digital.rema1000.dk/240318/1-small-2B94Y7p5Pk.webp", "medium": "https://rema-product-images.digital.rema1000.dk/240318/1-medium-2B94Y7p5Pk.webp", "large": "https://rema-product-images.digital.rema1000.dk/240318/1-large-2B94Y7p5Pk.webp"}], "prices": [{"price": 30, "price_over_max_quantity": null, "max_quantity": null, "is_advertised": true, "is_campaign": false, "starting_at": "2025-08-17T00:00:00+00:00", "ending_at": "2025-11-15T00:00:00+00:00", "deposit": null, "compare_unit": "kg", "compare_unit_price": 1250, "consumption_unit": null, "consumption_quantity": null}], "temperature_zone": null, "is_self_scale_item": false, "is_weight_item": false, "is_available_in_all_stores": true, "is_batch_item": true}
{"id": 240319, "name": "RELAX", "underline": "40 GR. / PUKKA", "age_limit": null, "hazard_precaution_statements": [], "labels": [{"id": 9001, "name": "Avisvare", "image": "https://static-assets.digital.rema1000.dk/product/labels/9001-64.webp"}, {"id": 6, "name": "Økologi", "image": "https://static-assets.digital.rema1000.dk/product/labels/6-64.webp"}], "description": null, "info": "", "images": [{"small": "https://rema-product-images.digital.rema1000.dk/240319/1-small-rDq6K0W29b.webp", "medium": "https://rema-product-images.digital.rema1000.dk/240319/1-medium-rDq6K0W29b.webp", "large": "https://rema-product-images.digital.rema1000.dk/240319/1-large-rDq6K0W29b.webp"}], "prices": [{"price": 30, "price_over_max_quantity": null, "max_quantity": null, "is_advertised": true, "is_campaign": false, "starting_at": "2025-08-17T00:00:00+00:00", "ending_at": "2025-11-15T00:00:00+00:00", "deposit": null, "compare_unit": "kg", "compare_unit_price": 750, "consumption_unit": null, "consumption_quantity": null}], "temperature_zone": null, "is_self_scale_item": false, "is_weight_item": false, "is_available_in_all_stores": true, "is_batch_item": true}
{"id": 240320, "name": "NIGHT TIME", "underline": "20 GR. / PUKKA", "age_limit": null, "hazard_precaution_statements": [], "labels": [{"id": 9001, "name": "Avisvare", "image": "https://static-assets.digital.rema1000.dk/product/labels/9001-64.webp"}, {"id": 5, "name": "Økologi", "image": "https://static-assets.digital.rema1000.dk/product/labels/5-64.webp"}], "description": null, "info": "", "images": [{"small": "https://rema-product-images.digital.rema1000.dk/240320/1-small-AKqeLYEYop.webp", "medium": "https://rema-product-images.digital.rema1000.dk/240320/1-medium-AKqeLYEYop.webp", "large": "https://rema-product-images.digital.rema1000.dk/240320/1-large-AKqeLYEYop.webp"}], "prices": [{"price": 30, "price_over_max_quantity": null, "max_quantity": null, "is_advertised": true, "is_campaign": false, "starting_at": "2025-08-17T00:00:00+00:00", "ending_at": "2025-11-15T00:00:00+00:00", "deposit": null, "compare_unit": "kg", "compare_unit_price": 1500, "consumption_unit": null, "consumption_quantity": null}], "temperature_zone": null, "is_self_scale_item": false, "is_weight_item": false, "is_available_in_all_stores": true, "is_batch_item": true}
{"id": 240338, "name": "CHAI LATTE COOKIE", "underline": "208 GR. / FREDSTED", "age_limit": null, "hazard_precaution_statements": [], "labels": [{"id": 9001, "name": "Avisvare", "image": "https://static-assets.digital.rema1000.dk/product/labels/9001-64.webp"}], "description": null, "info": "", "images": [{"small": "https://rema-product-images.digital.rema1000.dk/240338/1-small-MBoNpG0m9v.webp", "medium": "https://rema-product-images.digital.rema1000.dk/240338/1-medium-MBoNpG0m9v.webp", "large": "https://rema-product-images.digital.rema1000.dk/240338/1-large-MBoNpG0m9v.webp"}], "prices": [{"price": 20, "price_over_max_quantity": null, "max_quantity": null, "is_advertised": true, "is_campaign": false, "starting_at": "2025-08-17T00:00:00+00:00", "ending_at": "2025-11-15T00:00:00+00:00", "deposit": null, "compare_unit": "kg", "compare_unit_price": 96.15, "consumption_unit": null, "consumption_quantity": null}], "temperature_zone": null, "is_self_scale_item": false, "is_weight_item": false, "is_available_in_all_stores": true, "is_batch_item": true}
{"id": 240339, "name": "CHAI LATTE VANILLA", "underline": "208 GR. / FREDSTED", "age_limit": null, "hazard_precaution_statements": [], "labels": [{"id": 9001, "name": "Avisvare", "image": "https://static-assets.digital.rema1000.dk/product/labels/9001-64.webp"}], "description": null, "info": "", "images": [{"small": "https://rema-product-images.digital.rema1000.dk/240339/1-small-zOPllaExPR.webp", "medium": "https://rema-product-images.digital.rema1000.dk/240339/1-medium-zOPllaExPR.webp", "large": "https://rema-product-images.digital.rema1000.dk/240339/1-large-zOPllaExPR.webp"}], "prices": [{"price": 20, "price_over_max_quantity": null, "max_quantity": null, "is_advertised": true, "is_campaign": false, "starting_at": "2025-08-17T00:00:00+00:00", "ending_at": "2025-11-15T00:00:00+00:00", "deposit": null, "compare_unit": "kg", "compare_unit_price": 96.15, "consumption_unit": null, "consumption_quantity": null}], "temperature_zone": null, "is_self_scale_item": false, "is_weight_item": false, "is_available_in_all_stores": true, "is_batch_item": true}
{"id": 240348, "name": "NESQUIK", "underline": "300 GR. / NESTLE", "age_limit": null, "hazard_precaution_statements": [], "labels": [{"id": 95, "name": "Rainforest Alliance", "image": "https://static-assets.digital.rema1000.dk/product/labels/95-64.webp"}], "description": null, "info": "", "images": [{"small": "https://rema-product-images.digital.rema1000.dk/240348/1-small-OJq5aK50qp.webp", "medium": "https://rema-product-images.digital.rema1000.dk/240348/1-medium-OJq5aK50qp.webp", "large": "https://rema-product-images.digital.rema1000.dk/240348/1-large-OJq5aK50qp.webp"}], "prices": [{"price": 34.95, "price_over_max_quantity": null, "max_quantity": null, "is_advertised": false, "is_campaign": false, "starting_at": "2024-10-10T00:00:00+00:00", "ending_at": "2099-12-31T00:00:00+00:00", "deposit": null, "compare_unit": "kg", "compare_unit_price": 116.5, "consumption_unit": null, "consumption_quantity": null}], "temperature_zone": null, "is_self_scale_item": false, "is_weight_item": false, "is_available_in_all_stores": true, "is_batch_item": false}
{"id": 240353, "name": "IRISH CREAM TE", "underline": "24 GR. / FREDSTED", "age_limit": null, "hazard_precaution_statements": [], "labels": [], "description": null, "info": "", "images": [{"small": "https://rema-product-images.digital.rema1000.dk/240353/1-small-aboKM2Qz9p.webp", "medium": "https://rema-product-images.digital.rema1000.dk/240353/1-medium-aboKM2Qz9p.webp", "large": "https://rema-product-images.digital.rema1000.dk/240353/1-large-aboKM2Qz9p.webp"}], "prices": [{"price": 19.95, "price_over_max_quantity": null, "max_quantity": null, "is_advertised": false, "is_campaign": false, "starting_at": "2025-02-06T00:00:00+00:00", "ending_at": "2099-12-31T00:00:00+00:00", "deposit": null, "compare_unit": "kg", "compare_unit_price": 831.25, "consumption_unit": null, "consumption_quantity": null}], "temperature_zone": null, "is_self_scale_item": false, "is_weight_item": false, "is_available_in_all_stores": true, "is_batch_item": false}
{"id": 240354, "name": "URTETE", "underline": "24 GR. / FREDSTED, INGEFÆR & CITRON", "age_limit": null, "hazard_precaution_statements": [], "labels": [], "description": null, "info": "", "images": [{"small": "https://rema-product-images.digital.rema1000.dk/240354/1-small-Al9035DGq8.webp", "medium": "https://rema-product-images.digital.rema1000.dk/240354/1-medium-Al9035DGq8.webp", "large": "https://rema-product-images.digital.rema1000.dk/240354/1-large-Al9035DGq8.webp"}], "prices": [{"price": 19.95, "price_over_max_quantity": null, "max_quantity": null, "is_advertised": false, "is_campaign": false, "starting_at": "2025-02-06T00:00:00+00:00", "ending_at": "2099-12-31T00:00:00+00:00", "deposit": null, "compare_unit": "kg", "compare_unit_price": 831.25, "consumption_unit": null, "consumption_quantity": null}], "temperature_zone": null, "is_self_scale_item": false, "is_weight_item": false, "is_available_in_all_stores": true, "is_batch_item": false}
{"id": 240586, "name": "INSTANT CITRON TE", "underline": "400 GR. / REMA 1000", "age_limit": null, "hazard_precaution_statements": [], "labels": [{"id": 2, "name": "REMA1000", "image": "https://static-assets.digital.rema1000.dk/product/labels/2-64.webp"}], "description": null, "info": "", "images": [{"small": "https://rema-product-images.digital.rema1000.dk/240586/1-small-A4PylEXJ9L.webp", "medium": "https://rema-product-images.digital.rema1000.dk/240586/1-medium-A4PylEXJ9L.webp", "large": "https://rema-product-images.digital.rema1000.dk/240586/1-large-A4PylEXJ9L.webp"}], "prices": [{"price": 17.95, "price_over_max_quantity": null, "max_quantity": null, "is_advertised": false, "is_campaign": false, "starting_at": "2024-06-06T00:00:00+00:00", "ending_at": "2099-12-31T00:00:00+00:00", "deposit": null, "compare_unit": "kg", "compare_unit_price": 44.88, "consumption_unit": null, "consumption_quantity": null}], "temperature_zone": null, "is_self_scale_item": false, "is_weight_item": false, "is_available_in_all_stores": true, "is_batch_item": false}
{"id": 240637, "name": "MIN EGEN BLANDING TE", "underline": "200 GR. / FREDSTED", "age_limit": null, "hazard_precaution_statements": [], "labels": [], "description": null, "info": "", "images": [{"small": "https://rema-product-images.digital.rema1000.dk/240637/1-small-JzPJvD0nPk.webp", "medium": "https://rema-product-images.digital.rema1000.dk/240637/1-medium-JzPJvD0nPk.webp", "large": "https://rema-product-images.digital.rema1000.dk/240637/1-large-JzPJvD0nPk.webp"}], "prices": [{"price": 34.95, "price_over_max_quantity": null, "max_quantity": null, "is_advertised": false, "is_campaign": false, "starting_at": "2025-02-06T00:00:00+00:00", "ending_at": "2099-12-31T00:00:00+00:00", "deposit": null, "compare_unit": "kg", "compare_unit_price": 174.75, "consumption_unit": null, "consumption_quantity": null}], "temperature_zone": null, "is_self_scale_item": false, "is_weight_item": false, "is_available_in_all_stores": true, "is_batch_item": false}
{"id": 240640, "name": "CHAI LATTE GRØN TE", "underline": "208 GR. / FREDSTED", "age_limit": null, "hazard_precaution_statements": [], "labels": [{"id": 9001, "name": "Avisvare", "image": "https://static-assets.digital.rema1000.dk/product/labels/9001-64.webp"}], "description": null, "info": "", "images": [{"small": "https://rema-product-images.digital.rema1000.dk/240640/1-small-rQqQpB5woe.webp", "medium": "https://rema-product-images.digital.rema1000.dk/240640/1-medium-rQqQpB5woe.webp", "large": "https://rema-product-images.digital.rema1000.dk/240640/1-large-rQqQpB5woe.webp"}], "prices": [{"price": 20, "price_over_max_quantity": null, "max_quantity": null, "is_advertised": true, "is_campaign": false, "starting_at": "2025-08-17T00:00:00+00:00", "ending_at": "2025-11-15T00:00:00+00:00", "deposit": null, "compare_unit": "kg", "compare_unit_price": 96.15, "consumption_unit": null, "consumption_quantity": null}], "temperature_zone": null, "is_self_scale_item": false, "is_weight_item": false, "is_available_in_all_stores": true, "is_batch_item": true}
{"id": 240644, "name": "CHAI LATTE KRYDRET", "underline": "208 GR. / FREDSTED", "age_limit": null, "hazard_precaution_statements": [], "labels": [{"id": 9001, "name": "Avisvare", "image": "https://static-assets.digital.rema1000.dk/product/labels/9001-64.webp"}], "description": null, "info": "", "images": [{"small": "https://rema-product-images.digital.rema1000.dk/240644/1-small-xePwBEGJ9w.webp", "medium": "https://rema-product-images.digital.rema1000.dk/240644/1-medium-xePwBEGJ9w.webp", "large": "https://rema-product-images.digital.rema1000.dk/240644/1-large-xePwBEGJ9w.webp"}], "prices": [{"price": 20, "price_over_max_quantity": null, "max_quantity": null, "is_advertised": true, "is_campaign": true, "starting_at": "2025-08-17T00:00:00+00:00", "ending_at": "2025-08-23T00:00:00+00:00", "deposit": null, "compare_unit": "kg", "compare_unit_price": 96.15, "consumption_unit": null, "consumption_quantity": null}, {"price": 32.95, "price_over_max_quantity": null, "max_quantity": null, "is_advertised": false, "is_campaign": false, "starting_at": "2025-08-24T00:00:00+00:00", "ending_at": "2099-12-31T00:00:00+00:00", "deposit": null, "compare_unit": "kg", "compare_unit_price": 158.41, "consumption_unit": null, "consumption_quantity": null}], "temperature_zone": null, "is_self_scale_item": false, "is_weight_item": false, "is_available_in_all_stores": true, "is_batch_item": false}
{"id": 240645, "name": "CHAI LATTE KARAMEL", "underline": "208 GR. / FREDSTED", "age_limit": null, "hazard_precaution_statements": [], "labels": [{"id": 9001, "name": "Avisvare", "image": "https://static-assets.digital.rema1000.dk/product/labels/9001-64.webp"}], "description": null, "info": "", "images": [{"small": "https://rema-product-images.digital.rema1000.dk/240645/1-small-ElPB6znjPk.webp", "medium": "https://rema-product-images.digital.rema1000.dk/240645/1-medium-ElPB6znjPk.webp", "large": "https://rema-product-images.digital.rema1000.dk/240645/1-large-ElPB6znjPk.webp"}], "prices": [{"price": 20, "price_over_max_quantity": null, "max_quantity": null, "is_advertised": true, "is_campaign": false, "starting_at": "2025-08-17T00:00:00+00:00", "ending_at": "2025-11-15T00:00:00+00:00", "deposit": null, "compare_unit": "kg", "compare_unit_price": 96.15, "consumption_unit": null, "consumption_quantity": null}], "temperature_zone": null, "is_self_scale_item": false, "is_weight_item": false, "is_available_in_all_stores": true, "is_batch_item": true}
{"id": 240648, "name": "CHAI LATTE VANILJE", "underline": "208 GR. / FREDSTED", "age_limit": null, "hazard_precaution_statements": [], "labels": [{"id": 9001, "name": "Avisvare", "image": "https://static-assets.digital.rema1000.dk/product/labels/9001-64.webp"}], "description": null, "info": "", "images": [{"small": "https://rema-product-images.digital.rema1000.dk/240648/1-small-OJq5aKO1qp.webp", "medium": "https://rema-product-images.digital.rema1000.dk/240648/1-medium-OJq5aKO1qp.webp", "large": "https://rema-product-images.digital.rema1000.dk/240648/1-large-OJq5aKO1qp.webp"}], "prices": [{"price": 20, "price_over_max_quantity": null, "max_quantity": null, "is_advertised": true, "is_campaign": false, "starting_at": "2025-08-17T00:00:00+00:00", "ending_at": "2025-11-15T00:00:00+00:00", "deposit": null, "compare_unit": "kg", "compare_unit_price": 96.15, "consumption_unit": null, "consumption_quantity": null}], "temperature_zone": null, "is_self_scale_item": false, "is_weight_item": false, "is_available_in_all_stores": true, "is_batch_item": true}
{"id": 240925, "name": "TEBREVE", "underline": "50 GR. / MEDOVA", "age_limit": null, "hazard_precaution_statements": [], "labels": [], "description": null, "info": "", "images": [{"small": "https://rema-product-images.digital.rema1000.dk/240925/1-small-Ea91k8bYoz.webp", "medium": "https://rema-product-images.digital.rema1000.dk/240925/1-medium-Ea91k8bYoz.webp", "large": "https://rema-product-images.digital.rema1000.dk/240925/1-large-Ea91k8bYoz.webp"}], "prices": [{"price": 22.95, "price_over_max_quantity": null, "max_quantity": null, "is_advertised": false, "is_campaign": false, "starting_at": "2023-02-02T00:00:00+00:00", "ending_at": "2099-12-31T00:00:00+00:00", "deposit": null, "compare_unit": "kg", "compare_unit_price": 459, "consumption_unit": null, "consumption_quantity": null}], "temperature_zone": null, "is_self_scale_item": false, "is_weight_item": false, "is_available_in_all_stores": true, "is_batch_item": false}
{"id": 241240, "name": "KAMILLETE", "underline": "25 GR. / REMA 1000", "age_limit": null, "hazard_precaution_statements": [], "labels": [{"id": 2, "name": "REMA1000", "image": "https://static-assets.digital.rema1000.dk/product/labels/2-64.webp"}, {"id": 5, "name": "Økologi", "image": "https://static-assets.digital.rema1000.dk/product/labels/5-64.webp"}], "description": "<b>Discount med holdning</b><br />I REMA 1000 har vi fokus på kvalitet til lave priser og overskriften på vores arbejde er Discount med holdning.<br /><br />Vi har en klar holdning til alle de varer, vi sælger. Vi stiller ikke kun krav til kvaliteten af vores egne mærkevarer – det er også vigtigt for os, at emballagerne er designet til genanvendelse, at indholdet er uden problematiske stoffer, og at varerne er produceret ansvarligt samt mærket med tydelige og valide certificeringer.<br /><br /><b>Om denne vare</b><br />REMA 1000 økologisk kamillete er en klassisk urtete i breve.<br /><br /><b>Tilberedning</b><br />Læg tebrevet i en kop og hæld kogende vand over. Lad det trække 5-7 min. Herefter fjernes tebrevet og teen er klar.", "info": "", "images": [{"small": "https://rema-product-images.digital.rema1000.dk/241240/1-small-rQqQpBgMoe.webp", "medium": "https://rema-product-images.digital.rema1000.dk/241240/1-medium-rQqQpBgMoe.webp", "large": "https://rema-product-images.digital.rema1000.dk/241240/1-large-rQqQpBgMoe.webp"}], "prices": [{"price": 8.95, "price_over_max_quantity": null, "max_quantity": null, "is_advertised": false, "is_campaign": false, "starting_at": "2025-01-16T00:00:00+00:00", "ending_at": "2099-12-31T00:00:00+00:00", "deposit": null, "compare_unit": "kg", "compare_unit_price": 358, "consumption_unit": null, "consumption_quantity": null}], "temperature_zone": null, "is_self_scale_item": false, "is_weight_item": false, "is_available_in_all_stores": true, "is_batch_item": false}
{"id": 241326, "name": "COOL MINT TE", "underline": "100 GR. / REMA 1000", "age_limit": null, "hazard_precaution_statements": [], "labels": [{"id": 2, "name": "REMA1000", "image": "https://static-assets.digital.rema1000.dk/product/labels/2-64.webp"}], "description": "<b>Discount med holdning</b><br />I REMA 1000 har vi fokus på kvalitet til lave priser og overskriften på vores arbejde er Discount med holdning.<br /><br />Vi har en klar holdning til alle de varer, vi sælger. Vi stiller ikke kun krav til kvaliteten af vores egne mærkevarer – det er også vigtigt for os, at emballagerne er designet til genanvendelse, at indholdet er uden problematiske stoffer, og at varerne er produceret ansvarligt samt mærket med tydelige og valide certificeringer.<br /><br /><b>Om denne vare</b><br />REMA 1000 cool mint te er løs urtete med smag af lakridsrod, æble, citron og mynte. <br /><br /><b>Tilberedning</b><br />Fyld den løse te i en tepose og læg den i en kop. Hæld kogende vand over og lad det trække i 5-6 min. Herefter fjernes teposen, og teen er klar.", "info": "", "images": [{"small": "https://rema-product-images.digital.rema1000.dk/241326/1-small-kOq33gQ4q6.webp", "medium": "https://rema-product-images.digital.rema1000.dk/241326/1-medium-kOq33gQ4q6.webp", "large": "https://rema-product-images.digital.rema1000.dk/241326/1-large-kOq33gQ4q6.webp"}], "prices": [{"price": 29.95, "price_over_max_quantity": null, "max_quantity": null, "is_advertised": false, "is_campaign": false, "starting_at": "2025-02-06T00:00:00+00:00", "ending_at": "2099-12-31T00:00:00+00:00", "deposit": null, "compare_unit": "kg", "compare_unit_price": 299.5, "consumption_unit": null, "consumption_quantity": null}], "temperature_zone": null, "is_self_scale_item": false, "is_weight_item": false, "is_available_in_all_stores": true, "is_batch_item": false}
{"id": 241495, "name": "BLACK TEA BLEND", "underline": "40 GR. / PICKWICK", "age_limit": null, "hazard_precaution_statements": [], "labels": [], "description": "Sort te", "info": "", "images": [{"small": "https://rema-product-images.digital.rema1000.dk/241495/1-small-v09gQZ1noA.webp", "medium": "https://rema-product-images.digital.rema1000.dk/241495/1-medium-v09gQZ1noA.webp", "large": "https://rema-product-images.digital.rema1000.dk/241495/1-large-v09gQZ1noA.webp"}], "prices": [{"price": 16.95, "price_over_max_quantity": null, "max_quantity": null, "is_advertised": false, "is_campaign": false, "starting_at": "2022-09-08T00:00:00+00:00", "ending_at": "2099-12-31T00:00:00+00:00", "deposit": null, "compare_unit": "kg", "compare_unit_price": 423.75, "consumption_unit": null, "consumption_quantity": null}], "temperature_zone": null, "is_self_scale_item": false, "is_weight_item": false, "is_available_in_all_stores": true, "is_batch_item": false}
{"id": 24150, "name": "TØR GÆR", "underline": "11.8 GR.", "age_limit": null, "hazard_precaution_statements": [], "labels": [], "description": null, "info": "", "images": [{"small": "https://rema-product-images.digital.rema1000.dk/24150/1-small-vVor32Dq3z.webp", "medium": "https://rema-product-images.digital.rema1000.dk/24150/1-medium-vVor32Dq3z.webp", "large": "https://rema-product-images.digital.rema1000.dk/24150/1-large-vVor32Dq3z.webp"}], "prices": [{"price": 2.5, "price_over_max_quantity": null, "max_quantity": null, "is_advertised": false, "is_campaign": false, "starting_at": "2024-08-01T00:00:00+00:00", "ending_at": "2099-12-31T00:00:00+00:00", "deposit": null, "compare_unit": "kg", "compare_unit_price": 211.86, "consumption_unit": null, "consumption_quantity": null}], "temperature_zone": "refrigerated_5_degrees_celsius", "is_self_scale_item": false, "is_weight_item": false, "is_available_in_all_stores": true, "is_batch_item": false}
{"id": 241518, "name": "FOREST FRUIT", "underline": "30 GR. / PICKWICK", "age_limit": null, "hazard_precaution_statements": [], "labels": [{"id": 95, "name": "Rainforest Alliance", "image": "https://static-assets.digital.rema1000.dk/product/labels/95-64.webp"}], "description": "Sort te", "info": "", "images": [{"small": "https://rema-product-images.digital.rema1000.dk/241518/1-small-2B94Y72YPk.webp", "medium": "https://rema-product-images.digital.rema1000.dk/241518/1-medium-2B94Y72YPk.webp", "large": "https://rema-product-images.digital.rema1000.dk/241518/1-large-2B94Y72YPk.webp"}], "prices": [{"price": 16.95, "price_over_max_quantity": null, "max_quantity": null, "is_advertised": false, "is_campaign": false, "starting_at": "2022-09-08T00:00:00+00:00", "ending_at": "2099-12-31T00:00:00+00:00", "deposit": null, "compare_unit": "kg", "compare_unit_price": 565, "consumption_unit": null, "consumption_quantity": null}], "temperature_zone": null, "is_self_scale_item": false, "is_weight_item": false, "is_available_in_all_stores": true, "is_batch_item": false}
{"id": 241535, "name": "LIQUORICE", "underline": "40 GR. / PICKWICK", "age_limit": null, "hazard_precaution_statements": [], "labels": [{"id": 95, "name": "Rainforest Alliance", "image": "https://static-assets.digital.rema1000.dk/product/labels/95-64.webp"}], "description": "Sort te", "info": "", "images": [{"small": "https://rema-product-images.digital.rema1000.dk/241535/1-small-Gb9k6OeDq7.webp", "medium": "https://rema-product-images.digital.rema1000.dk/241535/1-medium-Gb9k6OeDq7.webp", "large": "https://rema-product-images.digital.rema1000.dk/241535/1-large-Gb9k6OeDq7.webp"}], "prices": [{"price": 16.95, "price_over_max_quantity": null, "max_quantity": null, "is_advertised": false, "is_campaign": false, "starting_at": "2022-09-08T00:00:00+00:00", "ending_at": "2099-12-31T00:00:00+00:00", "deposit": null, "compare_unit": "kg", "compare_unit_price": 423.75, "consumption_unit": null, "consumption_quantity": null}], "temperature_zone": null, "is_self_scale_item": false, "is_weight_item": false, "is_available_in_all_stores": true, "is_batch_item": false}
{"id": 24155, "name": "GÆR", "underline": "50 GR.", "age_limit": null, "hazard_precaution_statements": [], "labels": [], "description": null, "info": "", "images": [{"small": "https://rema-product-images.digital.rema1000.dk/24155/1-small-A5qVAOwoaQ.webp", "medium": "https://rema-product-images.digital.rema1000.dk/24155/1-medium-A5qVAOwoaQ.webp", "large": "https://rema-product-images.digital.rema1000.dk/24155/1-large-A5qVAOwoaQ.webp"}], "prices": [{"price": 1.5, "price_over_max_quantity": null, "max_quantity": null, "is_advertised": false, "is_campaign": false, "starting_at": "2023-01-26T00:00:00+00:00", "ending_at": "2099-12-31T00:00:00+00:00", "deposit": null, "compare_unit": "kg", "compare_unit_price": 30, "consumption_unit": null, "consumption_quantity": null}], "temperature_zone": "refrigerated_5_degrees_celsius", "is_self_scale_item": false, "is_weight_item": false, "is_available_in_all_stores": true, "is_batch_item": false}
{"id": 24170, "name": "PROTEIN BUDDING", "underline": "200 GR. / ARLA, CHOKOLADE SMAG", "age_limit": null, "hazard_precaution_statements": [], "labels": [{"id": 31, "name": "Ikke tilsat sukker", "image": "https://static-assets.digital.rema1000.dk/product/labels/31-64.webp"}, {"id": 37, "name": "Laktose fri", "image": "https://static-assets.digital.rema1000.dk/product/labels/37-64.webp"}], "description": null, "info": "", "images": [{"small": "https://rema-product-images.digital.rema1000.dk/24170/1-small-kOq3mekP63.webp", "medium": "https://rema-product-images.digital.rema1000.dk/24170/1-medium-kOq3mekP63.webp", "large": "https://rema-product-images.digital.rema1000.dk/24170/1-large-kOq3mekP63.webp"}], "prices": [{"price": 14.95, "price_over_max_quantity": null, "max_quantity": null, "is_advertised": false, "is_campaign": false, "starting_at": "2024-04-04T00:00:00+00:00", "ending_at": "2099-12-31T00:00:00+00:00", "deposit": null, "compare_unit": "kg", "compare_unit_price": 74.75, "consumption_unit": null, "consumption_quantity": null}], "temperature_zone": "refrigerated_5_degrees_celsius", "is_self_scale_item": false, "is_weight_item": false, "is_available_in_all_stores": false, "is_batch_item": false}
{"id": 24172, "name": "PROTEIN MOUSSE", "underline": "200 GR. / ARLA, MED SMAG AF CHOKOLADEFUGDE", "age_limit": null, "hazard_precaution_statements": [], "labels": [{"id": 37, "name": "Laktose fri", "image": "https://static-assets.digital.rema1000.dk/product/labels/37-64.webp"}], "description": null, "info": "", "images": [{"small": "https://rema-product-images.digital.rema1000.dk/24172/1-small-xyqaAM2qDb.webp", "medium": "https://rema-product-images.digital.rema1000.dk/24172/1-medium-xyqaAM2qDb.webp", "large": "https://rema-product-images.digital.rema1000.dk/24172/1-large-xyqaAM2qDb.webp"}], "prices": [{"price": 14.95, "price_over_max_quantity": null, "max_quantity": null, "is_advertised": false, "is_campaign": false, "starting_at": "2025-02-12T00:00:00+00:00", "ending_at": "2099-12-31T00:00:00+00:00", "deposit": null, "compare_unit": "kg", "compare_unit_price": 74.75, "consumption_unit": null, "consumption_quantity": null}], "temperature_zone": "refrigerated_5_degrees_celsius", "is_self_scale_item": false, "is_weight_item": false, "is_available_in_all_stores": false, "is_batch_item": false}
{"id": 241780, "name": "LEMONGRASS & GINGER", "underline": "30 GR. / PUKKA", "age_limit": null, "hazard_precaution_statements": [], "labels": [{"id": 9001, "name": "Avisvare", "image": "https://static-assets.digital.rema1000.dk/product/labels/9001-64.webp"}, {"id": 5, "name": "Økologi", "image": "https://static-assets.digital.rema1000.dk/product/labels/5-64.webp"}], "description": null, "info": "", "images": [{"small": "https://rema-product-images.digital.rema1000.dk/241780/1-small-7doLwWgjP6.webp", "medium": "https://rema-product-images.digital.rema1000.dk/241780/1-medium-7doLwWgjP6.webp", "large": "https://rema-product-images.digital.rema1000.dk/241780/1-large-7doLwWgjP6.webp"}], "prices": [{"price": 30, "price_over_max_quantity": null, "max_quantity": null, "is_advertised": true, "is_campaign": false, "starting_at": "2025-08-17T00:00:00+00:00", "ending_at": "2025-11-15T00:00:00+00:00", "deposit": null, "compare_unit": "kg", "compare_unit_price": 1000, "consumption_unit": null, "consumption_quantity": null}], "temperature_zone": null, "is_self_scale_item": false, "is_weight_item": false, "is_available_in_all_stores": true, "is_batch_item": true}
{"id": 24196, "name": "GREEK STYLE JORDBÆR", "underline": "400 GR. / ALPRO", "age_limit": null, "hazard_precaution_statements": [], "labels": [{"id": 9001, "name": "Avisvare", "image": "https://static-assets.digital.rema1000.dk/product/labels/9001-64.webp"}], "description": null, "info": "", "images": [{"small": "https://rema-product-images.digital.rema1000.dk/24196/1-small-NpP72QM9Ol.webp", "medium": "https://rema-product-images.digital.rema1000.dk/24196/1-medium-NpP72QM9Ol.webp", "large": "https://rema-product-images.digital.rema1000.dk/24196/1-large-NpP72QM9Ol.webp"}], "prices": [{"price": 15, "price_over_max_quantity": null, "max_quantity": null, "is_advertised": true, "is_campaign": true, "starting_at": "2025-08-17T00:00:00+00:00", "ending_at": "2025-08-23T00:00:00+00:00", "deposit": null, "compare_unit": "kg", "compare_unit_price": 37.5, "consumption_unit": null, "consumption_quantity": null}, {"price": 17.95, "price_over_max_quantity": null, "max_quantity": null, "is_advertised": false, "is_campaign": false, "starting_at": "2025-08-24T00:00:00+00:00", "ending_at": "2099-12-31T00:00:00+00:00", "deposit": null, "compare_unit": "kg", "compare_unit_price": 44.88, "consumption_unit": null, "consumption_quantity": null}], "temperature_zone": "refrigerated_5_degrees_celsius", "is_self_scale_item": false, "is_weight_item": false, "is_available_in_all_stores": false, "is_batch_item": false}
{"id": 24197, "name": "MASCARPONE", "underline": "250 GR. / AMBROSI", "age_limit": null, "hazard_precaution_statements": [], "labels": [], "description": null, "info": "", "images": [{"small": "https://rema-product-images.digital.rema1000.dk/24197/1-small-aboKRWwPpM.webp", "medium": "https://rema-product-images.digital.rema1000.dk/24197/1-medium-aboKRWwPpM.webp", "large": "https://rema-product-images.digital.rema1000.dk/24197/1-large-aboKRWwPpM.webp"}], "prices": [{"price": 22.95, "price_over_max_quantity": null, "max_quantity": null, "is_advertised": false, "is_campaign": false, "starting_at": "2025-05-22T00:00:00+00:00", "ending_at": "2099-12-31T00:00:00+00:00", "deposit": null, "compare_unit": "kg", "compare_unit_price": 91.8, "consumption_unit": null, "consumption_quantity": null}], "temperature_zone": "refrigerated_5_degrees_celsius", "is_self_scale_item": false, "is_weight_item": false, "is_available_in_all_stores": false, "is_batch_item": false}
{"id": 24199, "name": "CREMET SKYR", "underline": "500 GR. / STAY STRONG, JORDBÆR & LIME", "age_limit": null, "hazard_precaution_statements": [], "labels": [{"id": 31, "name": "Ikke tilsat sukker", "image": "https://static-assets.digital.rema1000.dk/product/labels/31-64.webp"}, {"id": 37, "name": "Laktose fri", "image": "https://static-assets.digital.rema1000.dk/product/labels/37-64.webp"}], "description": null, "info": "", "images": [{"small": "https://rema-product-images.digital.rema1000.dk/24199/1-small-A5qVAxwoaQ.webp", "medium": "https://rema-product-images.digital.rema1000.dk/24199/1-medium-A5qVAxwoaQ.webp", "large": "https://rema-product-images.digital.rema1000.dk/24199/1-large-A5qVAxwoaQ.webp"}], "prices": [{"price": 21.95, "price_over_max_quantity": null, "max_quantity": null, "is_advertised": false, "is_campaign": false, "starting_at": "2022-09-01T00:00:00+00:00", "ending_at": "2099-12-31T00:00:00+00:00", "deposit": null, "compare_unit": "kg", "compare_unit_price": 43.9, "consumption_unit": null, "consumption_quantity": null}], "temperature_zone": "refrigerated_5_degrees_celsius", "is_self_scale_item": false, "is_weight_item": false, "is_available_in_all_stores": true, "is_batch_item": false}
{"id": 24204, "name": "ALPRO NATUREL", "underline": "750 GR. / PLANTGURT", "age_limit": null, "hazard_precaution_statements": [], "labels": [{"id": 9001, "name": "Avisvare", "image": "https://static-assets.digital.rema1000.dk/product/labels/9001-64.webp"}], "description": null, "info": "", "images": [{"small": "https://rema-product-images.digital.rema1000.dk/24204/1-small-OJq51bvqpr.webp", "medium": "https://rema-product-images.digital.rema1000.dk/24204/1-medium-OJq51bvqpr.webp", "large": "https://rema-product-images.digital.rema1000.dk/24204/1-large-OJq51bvqpr.webp"}], "prices": [{"price": 15, "price_over_max_quantity": null, "max_quantity": null, "is_advertised": true, "is_campaign": true, "starting_at": "2025-08-17T00:00:00+00:00", "ending_at": "2025-08-23T00:00:00+00:00", "deposit": null, "compare_unit": "kg", "compare_unit_price": 20, "consumption_unit": null, "consumption_quantity": null}], "temperature_zone": "refrigerated_5_degrees_celsius", "is_self_scale_item": false, "is_weight_item": false, "is_available_in_all_stores": false, "is_batch_item": false}
{"id": 24205, "name": "BLÅBÆR", "underline": "750 GR. / ALPRO SOYA", "age_limit": null, "hazard_precaution_statements": [], "labels": [{"id": 9001, "name": "Avisvare", "image": "https://static-assets.digital.rema1000.dk/product/labels/9001-64.webp"}], "description": null, "info": "", "images": [{"small": "https://rema-product-images.digital.rema1000.dk/24205/1-small-xQq81Aa9Zd.webp", "medium": "https://rema-product-images.digital.rema1000.dk/24205/1-medium-xQq81Aa9Zd.webp", "large": "https://rema-product-images.digital.rema1000.dk/24205/1-large-xQq81Aa9Zd.webp"}], "prices": [{"price": 15, "price_over_max_quantity": null, "max_quantity": null, "is_advertised": true, "is_campaign": true, "starting_at": "2025-08-17T00:00:00+00:00", "ending_at": "2025-08-23T00:00:00+00:00", "deposit": null, "compare_unit": "kg", "compare_unit_price": 20, "consumption_unit": null, "consumption_quantity": null}], "temperature_zone": "refrigerated_5_degrees_celsius", "is_self_scale_item": false, "is_weight_item": false, "is_available_in_all_stores": false, "is_batch_item": false}
{"id": 24212, "name": "DANONINO", "underline": "70 GR. / JORDBÆR", "age_limit": null, "hazard_precaution_statements": [], "labels": [], "description": null, "info": "", "images": [{"small": "https://rema-product-images.digital.rema1000.dk/24212/1-small-18oXdNdokb.webp", "medium": "https://rema-product-images.digital.rema1000.dk/24212/1-medium-18oXdNdokb.webp", "large": "https://rema-product-images.digital.rema1000.dk/24212/1-large-18oXdNdokb.webp"}], "prices": [{"price": 6, "price_over_max_quantity": null, "max_quantity": null, "is_advertised": false, "is_campaign": false, "starting_at": "2022-07-28T00:00:00+00:00", "ending_at": "2099-12-31T00:00:00+00:00", "deposit": null, "compare_unit": "kg", "compare_unit_price": 85.71, "consumption_unit": null, "consumption_quantity": null}], "temperature_zone": "refrigerated_5_degrees_celsius", "is_self_scale_item": false, "is_weight_item": false, "is_available_in_all_stores": true, "is_batch_item": false}
{"id": 24213, "name": "VANILLA", "underline": "750 GR. / ALPRO SOYA", "age_limit": null, "hazard_precaution_statements": [], "labels": [{"id": 9001, "name": "Avisvare", "image": "https://static-assets.digital.rema1000.dk/product/labels/9001-64.webp"}], "description": null, "info": "", "images": [{"small": "https://rema-product-images.digital.rema1000.dk/24213/1-small-wyPbGN7oEm.webp", "medium": "https://rema-product-images.digital.rema1000.dk/24213/1-medium-wyPbGN7oEm.webp", "large": "https://rema-product-images.digital.rema1000.dk/24213/1-large-wyPbGN7oEm.webp"}], "prices": [{"price": 15, "price_over_max_quantity": null, "max_quantity": null, "is_advertised": true, "is_campaign": true, "starting_at": "2025-08-17T00:00:00+00:00", "ending_at": "2025-08-23T00:00:00+00:00", "deposit": null, "compare_unit": "kg", "compare_unit_price": 20, "consumption_unit": null, "consumption_quantity": null}], "temperature_zone": "refrigerated_5_degrees_celsius", "is_self_scale_item": false, "is_weight_item": false, "is_available_in_all_stores": false, "is_batch_item": false}
{"id": 24215, "name": "DANONINO MIX", "underline": "300 GR.", "age_limit": null, "hazard_precaution_statements": [], "labels": [], "description": null, "info": "", "images": [{"small": "https://rema-product-images.digital.rema1000.dk/24215/1-small-KpqRleNPLz.webp", "medium": "https://rema-product-images.digital.rema1000.dk/24215/1-medium-KpqRleNPLz.webp", "large": "https://rema-product-images.digital.rema1000.dk/24215/1-large-KpqRleNPLz.webp"}], "prices": [{"price": 16.95, "price_over_max_quantity": null, "max_quantity": null, "is_advertised": false, "is_campaign": false, "starting_at": "2023-01-26T00:00:00+00:00", "ending_at": "2099-12-31T00:00:00+00:00", "deposit": null, "compare_unit": "kg", "compare_unit_price": 56.5, "consumption_unit": null, "consumption_quantity": null}], "temperature_zone": "refrigerated_5_degrees_celsius", "is_self_scale_item": false, "is_weight_item": false, "is_available_in_all_stores": true, "is_batch_item": false}
{"id": 24227, "name": "CITRON FROMAGE", "underline": "100 GR. / DR. OETKER", "age_limit": null, "hazard_precaution_statements": [], "labels": [], "description": null, "info": "", "images": [{"small": "https://rema-product-images.digital.rema1000.dk/24227/1-small-OW9ObpZqgE.webp", "medium": "https://rema-product-images.digital.rema1000.dk/24227/1-medium-OW9ObpZqgE.webp", "large": "https://rema-product-images.digital.rema1000.dk/24227/1-large-OW9ObpZqgE.webp"}], "prices": [{"price": 7.95, "price_over_max_quantity": null, "max_quantity": null, "is_advertised": false, "is_campaign": false, "starting_at": "2023-01-26T00:00:00+00:00", "ending_at": "2025-08-27T00:00:00+00:00", "deposit": null, "compare_unit": "kg", "compare_unit_price": 79.5, "consumption_unit": null, "consumption_quantity": null}], "temperature_zone": "refrigerated_5_degrees_celsius", "is_self_scale_item": false, "is_weight_item": false, "is_available_in_all_stores": false, "is_batch_item": false}
{"id": 24235, "name": "SKOVBÆR YOGHURT", "underline": "1000 GR. / SKÅNEMEJERIER, LAKTOSEFRI", "age_limit": null, "hazard_precaution_statements": [], "labels": [{"id": 37, "name": "Laktose fri", "image": "https://static-assets.digital.rema1000.dk/product/labels/37-64.webp"}], "description": null, "info": "", "images": [{"small": "https://rema-product-images.digital.rema1000.dk/24235/1-small-Gb9k2Bvq75.webp", "medium": "https://rema-product-images.digital.rema1000.dk/24235/1-medium-Gb9k2Bvq75.webp", "large": "https://rema-product-images.digital.rema1000.dk/24235/1-large-Gb9k2Bvq75.webp"}], "prices": [{"price": 19.95, "price_over_max_quantity": null, "max_quantity": null, "is_advertised": false, "is_campaign": false, "starting_at": "2024-10-24T00:00:00+00:00", "ending_at": "2099-12-31T00:00:00+00:00", "deposit": null, "compare_unit": "kg", "compare_unit_price": 19.95, "consumption_unit": null, "consumption_quantity": null}], "temperature_zone": "refrigerated_5_degrees_celsius", "is_self_scale_item": false, "is_weight_item": false, "is_available_in_all_stores": false, "is_batch_item": false}
{"id": 24236, "name": "TROPISK YOGHURT", "underline": "1000 GR. / SKÅNEMEJERIER, LAKTOSEFRI", "age_limit": null, "hazard_precaution_statements": [], "labels": [{"id": 37, "name": "Laktose fri", "image": "https://static-assets.digital.rema1000.dk/product/labels/37-64.webp"}], "description": null, "info": "", "images": [{"small": "https://rema-product-images.digital.rema1000.dk/24236/1-small-7doLpvWo6r.webp", "medium": "https://rema-product-images.digital.rema1000.dk/24236/1-medium-7doLpvWo6r.webp", "large": "https://rema-product-images.digital.rema1000.dk/24236/1-large-7doLpvWo6r.webp"}], "prices": [{"price": 19.95, "price_over_max_quantity": null, "max_quantity": null, "is_advertised": false, "is_campaign": false, "starting_at": "2024-10-24T00:00:00+00:00", "ending_at": "2099-12-31T00:00:00+00:00", "deposit": null, "compare_unit": "kg", "compare_unit_price": 19.95, "consumption_unit": null, "consumption_quantity": null}], "temperature_zone": "refrigerated_5_degrees_celsius", "is_self_scale_item": false, "is_weight_item": false, "is_available_in_all_stores": false, "is_batch_item": false}
{"id": 24271, "name": "RISDESSERT", "underline": "175 GR. / RICE'N'GO, MED JORDBÆR", "age_limit": null, "hazard_precaution_statements": [], "labels": [], "description": null, "info": "", "images": [{"small": "https://rema-product-images.digital.rema1000.dk/24271/1-small-OW9ObNZqgE.webp", "medium": "https://rema-product-images.digital.rema1000.dk/24271/1-medium-OW9ObNZqgE.webp", "large": "https://rema-product-images.digital.rema1000.dk/24271/1-large-OW9ObNZqgE.webp"}], "prices": [{"price": 7.5, "price_over_max_quantity": null, "max_quantity": null, "is_advertised": false, "is_campaign": false, "starting_at": "2024-11-21T00:00:00+00:00", "ending_at": "2025-08-20T00:00:00+00:00", "deposit": null, "compare_unit": "kg", "compare_unit_price": 42.86, "consumption_unit": null, "consumption_quantity": null}], "temperature_zone": "refrigerated_5_degrees_celsius", "is_self_scale_item": false, "is_weight_item": false, "is_available_in_all_stores": true, "is_batch_item": false}
{"id": 24401, "name": "JORDBÆR MILKSHAKE", "underline": "200 ML. / MATILDE", "age_limit": null, "hazard_precaution_statements": [], "labels": [], "description": null, "info": "", "images": [{"small": "https://rema-product-images.digital.rema1000.dk/24401/1-small-ElPBdGbqkG.webp", "medium": "https://rema-product-images.digital.rema1000.dk/24401/1-medium-ElPBdGbqkG.webp", "large": "https://rema-product-images.digital.rema1000.dk/24401/1-large-ElPBdGbqkG.webp"}], "prices": [{"price": 12.75, "price_over_max_quantity": null, "max_quantity": null, "is_advertised": false, "is_campaign": false, "starting_at": "2025-01-30T00:00:00+00:00", "ending_at": "2099-12-31T00:00:00+00:00", "deposit": null, "compare_unit": "ltr", "compare_unit_price": 63.75, "consumption_unit": null, "consumption_quantity": null}], "temperature_zone": "refrigerated_5_degrees_celsius", "is_self_scale_item": false, "is_weight_item": false, "is_available_in_all_stores": false, "is_batch_item": false}
{"id": 24402, "name": "KAKAO MILKSHAKE", "underline": "200 ML. / MATILDE", "age_limit": null, "hazard_precaution_statements": [], "labels": [], "description": null, "info": "", "images": [{"small": "https://rema-product-images.digital.rema1000.dk/24402/1-small-kAonQ00Px8.webp", "medium": "https://rema-product-images.digital.rema1000.dk/24402/1-medium-kAonQ00Px8.webp", "large": "https://rema-product-images.digital.rema1000.dk/24402/1-large-kAonQ00Px8.webp"}], "prices": [{"price": 12.75, "price_over_max_quantity": null, "max_quantity": null, "is_advertised": false, "is_campaign": false, "starting_at": "2025-01-30T00:00:00+00:00", "ending_at": "2099-12-31T00:00:00+00:00", "deposit": null, "compare_unit": "ltr", "compare_unit_price": 63.75, "consumption_unit": null, "consumption_quantity": null}], "temperature_zone": "refrigerated_5_degrees_celsius", "is_self_scale_item": false, "is_weight_item": false, "is_available_in_all_stores": false, "is_batch_item": false}
{"id": 24406, "name": "VANILJE MILKSHAKE", "underline": "200 ML. / MATILDE", "age_limit": null, "hazard_precaution_statements": [], "labels": [], "description": null, "info": "", "images": [{"small": "https://rema-product-images.digital.rema1000.dk/24406/1-small-vVor3vkq3z.webp", "medium": "https://rema-product-images.digital.rema1000.dk/24406/1-medium-vVor3vkq3z.webp", "large": "https://rema-product-images.digital.rema1000.dk/24406/1-large-vVor3vkq3z.webp"}], "prices": [{"price": 12.75, "price_over_max_quantity": null, "max_quantity": null, "is_advertised": false, "is_campaign": false, "starting_at": "2025-01-30T00:00:00+00:00", "ending_at": "2099-12-31T00:00:00+00:00", "deposit": null, "compare_unit": "ltr", "compare_unit_price": 63.75, "consumption_unit": null, "consumption_quantity": null}], "temperature_zone": "refrigerated_5_degrees_celsius", "is_self_scale_item": false, "is_weight_item": false, "is_available_in_all_stores": false, "is_batch_item": false}
{"id": 246501, "name": "KAKAODRIK PULVER", "underline": "400 GR. / REMA 1000", "age_limit": null, "hazard_precaution_statements": [], "labels": [{"id": 2, "name": "REMA1000", "image": "https://static-assets.digital.rema1000.dk/product/labels/2-64.webp"}, {"id": 95, "name": "Rainforest Alliance", "image": "https://static-assets.digital.rema1000.dk/product/labels/95-64.webp"}], "description": "<b>Discount med holdning</b><br />I REMA 1000 har vi fokus på kvalitet til lave priser og overskriften på vores arbejde er Discount med holdning.<br /><br />Vi har en klar holdning til alle de varer, vi sælger. Vi stiller ikke kun krav til kvaliteten af vores egne mærkevarer – det er også vigtigt for os, at emballagerne er designet til genanvendelse, at indholdet er uden problematiske stoffer, og at varerne er produceret ansvarligt samt mærket med tydelige og valide certificeringer.<br /><br /><b>Om denne vare</b><br />Denne REMA 1000 kakaodrik til varm kakao er lavet på fedtfattig kakaopulver udvundet fra kakaobønner. Kakaodrikpulveret og varmt vand blandes i en kop efter anvisningen på emballagen. Rør rundt i koppen, og så har du skøn varm kakao. <br /><br />Tip: Prøv at servere REMA 1000 kakaodrikpulver med flødeskum, is eller et par skumfiduser.", "info": "", "images": [{"small": "https://rema-product-images.digital.rema1000.dk/246501/1-small-ElPB6LAnPk.webp", "medium": "https://rema-product-images.digital.rema1000.dk/246501/1-medium-ElPB6LAnPk.webp", "large": "https://rema-product-images.digital.rema1000.dk/246501/1-large-ElPB6LAnPk.webp"}], "prices": [{"price": 24.95, "price_over_max_quantity": null, "max_quantity": null, "is_advertised": false, "is_campaign": false, "starting_at": "2025-07-31T00:00:00+00:00", "ending_at": "2099-12-31T00:00:00+00:00", "deposit": null, "compare_unit": "kg", "compare_unit_price": 62.38, "consumption_unit": null, "consumption_quantity": null}], "temperature_zone": null, "is_self_scale_item": false, "is_weight_item": false, "is_available_in_all_stores": true, "is_batch_item": false}
{"id": 24655, "name": "KAKAO SKUMMETMÆLK", "underline": "1 LTR. / REMA 1000", "age_limit": null, "hazard_precaution_statements": [], "labels": [{"id": 2, "name": "REMA1000", "image": "https://static-assets.digital.rema1000.dk/product/labels/2-64.webp"}, {"id": 95, "name": "Rainforest Alliance", "image": "https://static-assets.digital.rema1000.dk/product/labels/95-64.webp"}], "description": "<b>Discount med holdning</b><br />I REMA 1000 har vi fokus på kvalitet til lave priser og overskriften på vores arbejde er Discount med holdning.<br /> <br />Vi har en klar holdning til alle de varer, vi sælger. Vi stiller ikke kun krav til kvaliteten af vores egne mærkevarer – det er også vigtigt for os, at emballagerne er designet til genanvendelse, at indholdet er uden problematiske stoffer, og at varerne er produceret ansvarligt samt mærket med tydelige og valide certificeringer.<br /> <br /><b>Om denne vare</b><br />REMA 1000 kakaoskummetmælk er mild og rund i smagen og har et lagt fedtindhold. Kakaoskummetmælk er perfekt til morgenbordet og nydes bedst iskold.", "info": "", "images": [{"small": "https://rema-product-images.digital.rema1000.dk/24655/1-small-A5qVA7LoaQ.webp", "medium": "https://rema-product-images.digital.rema1000.dk/24655/1-medium-A5qVA7LoaQ.webp", "large": "https://rema-product-images.digital.rema1000.dk/24655/1-large-A5qVA7LoaQ.webp"}], "prices": [{"price": 14.95, "price_over_max_quantity": null, "max_quantity": null, "is_advertised": false, "is_campaign": false, "starting_at": "2025-02-03T00:00:00+00:00", "ending_at": "2099-12-31T00:00:00+00:00", "deposit": null, "compare_unit": "ltr", "compare_unit_price": 14.95, "consumption_unit": null, "consumption_quantity": null}], "temperature_zone": "refrigerated_5_degrees_celsius", "is_self_scale_item": false, "is_weight_item": false, "is_available_in_all_stores": true, "is_batch_item": false}
{"id": 246562, "name": "KAKAO", "underline": "250 GR. / REMA 1000", "age_limit": null, "hazard_precaution_statements": [], "labels": [{"id": 2, "name": "REMA1000", "image": "https://static-assets.digital.rema1000.dk/product/labels/2-64.webp"}, {"id": 95, "name": "Rainforest Alliance", "image": "https://static-assets.digital.rema1000.dk/product/labels/95-64.webp"}], "description": "<b>Discount med holdning</b><br />I REMA 1000 har vi fokus på kvalitet til lave priser og overskriften på vores arbejde er Discount med holdning.<br /><br />Vi har en klar holdning til alle de varer, vi sælger. Vi stiller ikke kun krav til kvaliteten af vores egne mærkevarer – det er også vigtigt for os, at emballagerne er designet til genanvendelse, at indholdet er uden problematiske stoffer, og at varerne er produceret ansvarligt samt mærket med tydelige og valide certificeringer.<br /><br /><b>Om denne vare</b><br />Denne REMA 1000 kakao har en varm og aromatisk smag, der både gør den god til bagning af en svampet kage eller til en kop varm kakao.", "info": "", "images": [{"small": "https://rema-product-images.digital.rema1000.dk/246562/1-small-2B94Yzn6Pk.webp", "medium": "https://rema-product-images.digital.rema1000.dk/246562/1-medium-2B94Yzn6Pk.webp", "large": "https://rema-product-images.digital.rema1000.dk/246562/1-large-2B94Yzn6Pk.webp"}], "prices": [{"price": 39.95, "price_over_max_quantity": null, "max_quantity": null, "is_advertised": false, "is_campaign": false, "starting_at": "2025-07-10T00:00:00+00:00", "ending_at": "2099-12-31T00:00:00+00:00", "deposit": null, "compare_unit": "kg", "compare_unit_price": 159.8, "consumption_unit": null, "consumption_quantity": null}], "temperature_zone": null, "is_self_scale_item": false, "is_weight_item": false, "is_available_in_all_stores": true, "is_batch_item": false}
{"id": 24713, "name": "MATILDE KAKAO", "underline": "1 LTR. / SKUMMETMÆLK", "age_limit": null, "hazard_precaution_statements": [], "labels": [], "description": null, "info": "", "images": [{"small": "https://rema-product-images.digital.rema1000.dk/24713/1-small-wyPbGV1oEm.webp", "medium": "https://rema-product-images.digital.rema1000.dk/24713/1-medium-wyPbGV1oEm.webp", "large": "https://rema-product-images.digital.rema1000.dk/24713/1-large-wyPbGV1oEm.webp"}], "prices": [{"price": 21.5, "price_over_max_quantity": null, "max_quantity": null, "is_advertised": false, "is_campaign": false, "starting_at": "2025-02-03T00:00:00+00:00", "ending_at": "2025-08-23T00:00:00+00:00", "deposit": null, "compare_unit": "ltr", "compare_unit_price": 21.5, "consumption_unit": null, "consumption_quantity": null}], "temperature_zone": "refrigerated_5_degrees_celsius", "is_self_scale_item": false, "is_weight_item": false, "is_available_in_all_stores": true, "is_batch_item": false}
{"id": 247182, "name": "COFFEE CREAMER", "underline": "250 GR. / REMA 1000", "age_limit": null, "hazard_precaution_statements": [], "labels": [{"id": 2, "name": "REMA1000", "image": "https://static-assets.digital.rema1000.dk/product/labels/2-64.webp"}], "description": null, "info": "", "images": [{"small": "https://rema-product-images.digital.rema1000.dk/247182/1-small-MBoNpK8D9v.webp", "medium": "https://rema-product-images.digital.rema1000.dk/247182/1-medium-MBoNpK8D9v.webp", "large": "https://rema-product-images.digital.rema1000.dk/247182/1-large-MBoNpK8D9v.webp"}], "prices": [{"price": 11.95, "price_over_max_quantity": null, "max_quantity": null, "is_advertised": false, "is_campaign": false, "starting_at": "2023-02-16T00:00:00+00:00", "ending_at": "2099-12-31T00:00:00+00:00", "deposit": null, "compare_unit": "kg", "compare_unit_price": 47.8, "consumption_unit": null, "consumption_quantity": null}], "temperature_zone": null, "is_self_scale_item": false, "is_weight_item": false, "is_available_in_all_stores": true, "is_batch_item": false}
{"id": 24740, "name": "KAKAOMÆLK 0,5%", "underline": "1 LTR. / GRAM SLOT, ØKOLOGISK", "age_limit": null, "hazard_precaution_statements": [], "labels": [{"id": 5, "name": "Økologi", "image": "https://static-assets.digital.rema1000.dk/product/labels/5-64.webp"}, {"id": 6, "name": "Økologi", "image": "https://static-assets.digital.rema1000.dk/product/labels/6-64.webp"}, {"id": 39, "name": "Gram slot", "image": "https://static-assets.digital.rema1000.dk/product/labels/39-64.webp"}, {"id": 95, "name": "Rainforest Alliance", "image": "https://static-assets.digital.rema1000.dk/product/labels/95-64.webp"}, {"id": 190, "name": "Anbefalet af Dyrenes Beskyttelse", "image": "https://static-assets.digital.rema1000.dk/product/labels/190-64.webp"}, {"id": 203, "name": "Bedre dyrevelfærd 3", "image": "https://static-assets.digital.rema1000.dk/product/labels/203-64.webp"}], "description": "<br /> REMA 1000 er medejer af et af Danmarks største økologiske landbrug, Gram Slot, som dagligt leverer bl.a. økologisk mælk, kartofler, mel og havregryn til REMA 1000s butikker.<br /> <br /> På Gram Slot er dyrevelfærd i højsædet, ligesom Jorden ved Gram Slot dyrkes med stor respekt og omtanke. Køerne ved Gram Slot er på græs hele sommeren. I kløvergræsset på markerne er der sået urter, som indeholder æteriske olier og er rige på mineraler. Vi driver markerne på denne måde, fordi urterne giver køerne et varieret, velsmagende foder.<br /> <br /> Denne økologiske kakaomælk er lavet af mælk fra Gram Slot. Vi har kælet for denne mælk ved at tilsætte en god smag af kakao.<br /> <br /> Om emballagen:<br /> Let at åbne. Let at hælde af. Minimal affaldsmængde. Med denne letvægtsemballage spares der ressourcer, da den kræver færre råmaterialer - lige fra produktion til transport af affald.<br /> <br />", "info": "", "images": [{"small": "https://rema-product-images.digital.rema1000.dk/24740/1-small-rQqQbmb9ea.webp", "medium": "https://rema-product-images.digital.rema1000.dk/24740/1-medium-rQqQbmb9ea.webp", "large": "https://rema-product-images.digital.rema1000.dk/24740/1-large-rQqQbmb9ea.webp"}], "prices": [{"price": 19.95, "price_over_max_quantity": null, "max_quantity": null, "is_advertised": false, "is_campaign": false, "starting_at": "2025-01-30T00:00:00+00:00", "ending_at": "2099-12-31T00:00:00+00:00", "deposit": null, "compare_unit": "ltr", "compare_unit_price": 19.95, "consumption_unit": null, "consumption_quantity": null}], "temperature_zone": "refrigerated_5_degrees_celsius", "is_self_scale_item": false, "is_weight_item": false, "is_available_in_all_stores": false, "is_batch_item": false}
{"id": 24801, "name": "CAFFE LATTE", "underline": "200 ML. / CAPPUCCINO", "age_limit": null, "hazard_precaution_statements": [], "labels": [], "description": null, "info": "", "images": [{"small": "https://rema-product-images.digital.rema1000.dk/24801/1-small-ElPBd7lqkG.webp", "medium": "https://rema-product-images.digital.rema1000.dk/24801/1-medium-ElPBd7lqkG.webp", "large": "https://rema-product-images.digital.rema1000.dk/24801/1-large-ElPBd7lqkG.webp"}], "prices": [{"price": 6.95, "price_over_max_quantity": null, "max_quantity": null, "is_advertised": false, "is_campaign": false, "starting_at": "2024-06-27T00:00:00+00:00", "ending_at": "2099-12-31T00:00:00+00:00", "deposit": null, "compare_unit": "ltr", "compare_unit_price": 34.75, "consumption_unit": null, "consumption_quantity": null}], "temperature_zone": "refrigerated_5_degrees_celsius", "is_self_scale_item": false, "is_weight_item": false, "is_available_in_all_stores": false, "is_batch_item": false}
{"id": 248017, "name": "INSTANT KAFFE", "underline": "200 GR. / GEVALIA", "age_limit": null, "hazard_precaution_statements": [], "labels": [], "description": null, "info": "", "images": [{"small": "https://rema-product-images.digital.rema1000.dk/248017/1-small-Z8qppe71q3.webp", "medium": "https://rema-product-images.digital.rema1000.dk/248017/1-medium-Z8qppe71q3.webp", "large": "https://rema-product-images.digital.rema1000.dk/248017/1-large-Z8qppe71q3.webp"}], "prices": [{"price": 85, "price_over_max_quantity": null, "max_quantity": null, "is_advertised": false, "is_campaign": false, "starting_at": "2025-07-03T00:00:00+00:00", "ending_at": "2099-12-31T00:00:00+00:00", "deposit": null, "compare_unit": "kg", "compare_unit_price": 425, "consumption_unit": null, "consumption_quantity": null}], "temperature_zone": null, "is_self_scale_item": false, "is_weight_item": false, "is_available_in_all_stores": false, "is_batch_item": false}
{"id": 24802, "name": "LATTE MACCHIATO", "underline": "200 ML. / PARMALAT", "age_limit": null, "hazard_precaution_statements": [], "labels": [], "description": null, "info": "", "images": [{"small": "https://rema-product-images.digital.rema1000.dk/24802/1-small-kAonQpEPx8.webp", "medium": "https://rema-product-images.digital.rema1000.dk/24802/1-medium-kAonQpEPx8.webp", "large": "https://rema-product-images.digital.rema1000.dk/24802/1-large-kAonQpEPx8.webp"}], "prices": [{"price": 6.95, "price_over_max_quantity": null, "max_quantity": null, "is_advertised": false, "is_campaign": false, "starting_at": "2024-06-27T00:00:00+00:00", "ending_at": "2099-12-31T00:00:00+00:00", "deposit": null, "compare_unit": "ltr", "compare_unit_price": 34.75, "consumption_unit": null, "consumption_quantity": null}], "temperature_zone": "refrigerated_5_degrees_celsius", "is_self_scale_item": false, "is_weight_item": false, "is_available_in_all_stores": true, "is_batch_item": false}
{"id": 24807, "name": "PROTEIN CAFFE LATTE", "underline": "330 ML. / STARBUCKS", "age_limit": null, "hazard_precaution_statements": [], "labels": [], "description": null, "info": "", "images": [{"small": "https://rema-product-images.digital.rema1000.dk/24807/1-small-v09g400PAW.webp", "medium": "https://rema-product-images.digital.rema1000.dk/24807/1-medium-v09g400PAW.webp", "large": "https://rema-product-images.digital.rema1000.dk/24807/1-large-v09g400PAW.webp"}], "prices": [{"price": 19.95, "price_over_max_quantity": null, "max_quantity": null, "is_advertised": false, "is_campaign": false, "starting_at": "2024-11-18T00:00:00+00:00", "ending_at": "2099-12-31T00:00:00+00:00", "deposit": null, "compare_unit": "ltr", "compare_unit_price": 60.45, "consumption_unit": null, "consumption_quantity": null}], "temperature_zone": "refrigerated_5_degrees_celsius", "is_self_scale_item": false, "is_weight_item": false, "is_available_in_all_stores": false, "is_batch_item": false}
{"id": 248524, "name": "GOLD KOFFEINFRI", "underline": "100 GR. / NESCAFE", "age_limit": null, "hazard_precaution_statements": [], "labels": [], "description": "Mellemristet koffeinfri instant kaffe. Nescafe Koffeinfri laves ved at brygge de fineste, frisk ristede og malede bønner. Koffeinen fjernes med vand inden bønnerne ristes. Herefter brygges en koncentreret kaffe der frysetørres.", "info": "", "images": [{"small": "https://rema-product-images.digital.rema1000.dk/248524/1-small-vXodR7lZ93.webp", "medium": "https://rema-product-images.digital.rema1000.dk/248524/1-medium-vXodR7lZ93.webp", "large": "https://rema-product-images.digital.rema1000.dk/248524/1-large-vXodR7lZ93.webp"}], "prices": [{"price": 69.95, "price_over_max_quantity": null, "max_quantity": null, "is_advertised": false, "is_campaign": false, "starting_at": "2025-07-03T00:00:00+00:00", "ending_at": "2099-12-31T00:00:00+00:00", "deposit": null, "compare_unit": "kg", "compare_unit_price": 699.5, "consumption_unit": null, "consumption_quantity": null}], "temperature_zone": null, "is_self_scale_item": false, "is_weight_item": false, "is_available_in_all_stores": false, "is_batch_item": false}
{"id": 250055, "name": "HELE KYLLINGELÅR", "underline": "1250 GR. / REMA 1000", "age_limit": null, "hazard_precaution_statements": [], "labels": [{"id": 2, "name": "REMA1000", "image": "https://static-assets.digital.rema1000.dk/product/labels/2-64.webp"}, {"id": 70, "name": "Dansk", "image": "https://static-assets.digital.rema1000.dk/product/labels/70-64.webp"}, {"id": 201, "name": "Bedre dyrevelfærd 1", "image": "https://static-assets.digital.rema1000.dk/product/labels/201-64.webp"}], "description": "<b>Discount med holdning</b><br />I REMA 1000 har vi fokus på kvalitet til lave priser og overskriften på vores arbejde er Discount med holdning.<br /> <br />Vi har en klar holdning til alle de varer, vi sælger. Vi stiller ikke kun krav til kvaliteten af vores egne mærkevarer – det er også vigtigt for os, at emballagerne er designet til genanvendelse, at indholdet er uden problematiske stoffer, og at varerne er produceret ansvarligt samt mærket med tydelige og valide certificeringer.<br /><br /><b>Om denne vare</b><br />REMA 1000 hele kyllingelår af dansk kylling (dybfrossen), er en klassisk råvare i det danske køkken, og god at have i fryseren til de travle dage. Klar til at komme i ovnen - med et godt og smagfuldt resultat.<br /><br /><b>Tilberedning </b><br />Tilberedes i ovnen fra optøet eller frossen stand. Kyllingelårene lægges på en bageplade og tilberedes i ovnen efter anvisning på emballagen.", "info": "", "images": [{"small": "https://rema-product-images.digital.rema1000.dk/250055/1-small-A5qV6Vlyqa.webp", "medium": "https://rema-product-images.digital.rema1000.dk/250055/1-medium-A5qV6Vlyqa.webp", "large": "https://rema-product-images.digital.rema1000.dk/250055/1-large-A5qV6Vlyqa.webp"}], "prices": [{"price": 39.95, "price_over_max_quantity": null, "max_quantity": null, "is_advertised": false, "is_campaign": false, "starting_at": "2025-07-03T00:00:00+00:00", "ending_at": "2025-08-27T00:00:00+00:00", "deposit": null, "compare_unit": "kg", "compare_unit_price": 31.96, "consumption_unit": null, "consumption_quantity": null}], "temperature_zone": "frozen_18_degrees_celsius", "is_self_scale_item": false, "is_weight_item": false, "is_available_in_all_stores": true, "is_batch_item": false}
{"id": 250064, "name": "HOTWINGS", "underline": "750 GR. / REMA 1000", "age_limit": null, "hazard_precaution_statements": [], "labels": [{"id": 2, "name": "REMA1000", "image": "https://static-assets.digital.rema1000.dk/product/labels/2-64.webp"}, {"id": 70, "name": "Dansk", "image": "https://static-assets.digital.rema1000.dk/product/labels/70-64.webp"}, {"id": 201, "name": "Bedre dyrevelfærd 1", "image": "https://static-assets.digital.rema1000.dk/product/labels/201-64.webp"}], "description": "<b>Discount med holdning</b><br />I REMA 1000 har vi fokus på kvalitet til lave priser og overskriften på vores arbejde er Discount med holdning.<br />  <br />Vi har en klar holdning til alle de varer, vi sælger. Vi stiller ikke kun krav til kvaliteten af vores egne mærkevarer – det er også vigtigt for os, at emballagerne er designet til genanvendelse, at indholdet er uden problematiske stoffer, og at varerne er produceret ansvarligt samt mærket med tydelige og valide certificeringer.<br /><br /><b>Om denne vare</b><br />REMA 1000 hotwings (dybfrossen), er klassiske hotwings som både er stærke og søde på samme tid. Klar til at komme i ovnen - med et godt og smagfuldt resultat.<br /><br /><b>Tilberedning </b><br />Tilberedes i ovnen fra optøet eller frossen stand. Hotwings lægges på en bageplade og tilberedes i ovnen efter anvisning på emballagen.<br /><br /><b>Serveringsforslag</b><br />REMA 1000 hotwings smager skønt med fyldte- og pandestegte tortillas til. Find opskriften på hotwings-emballagen.", "info": "", "images": [{"small": "https://rema-product-images.digital.rema1000.dk/250064/1-small-AKqeL38eop.webp", "medium": "https://rema-product-images.digital.rema1000.dk/250064/1-medium-AKqeL38eop.webp", "large": "https://rema-product-images.digital.rema1000.dk/250064/1-large-AKqeL38eop.webp"}], "prices": [{"price": 39.95, "price_over_max_quantity": null, "max_quantity": null, "is_advertised": false, "is_campaign": false, "starting_at": "2022-07-21T00:00:00+00:00", "ending_at": "2025-08-27T00:00:00+00:00", "deposit": null, "compare_unit": "kg", "compare_unit_price": 53.27, "consumption_unit": null, "consumption_quantity": null}], "temperature_zone": "frozen_18_degrees_celsius", "is_self_scale_item": false, "is_weight_item": false, "is_available_in_all_stores": true, "is_batch_item": false}
{"id": 250067, "name": "SMOKEY BBQ WINGS", "underline": "600 GR. / REMA 1000", "age_limit": null, "hazard_precaution_statements": [], "labels": [{"id": 2, "name": "REMA1000", "image": "https://static-assets.digital.rema1000.dk/product/labels/2-64.webp"}, {"id": 70, "name": "Dansk", "image": "https://static-assets.digital.rema1000.dk/product/labels/70-64.webp"}, {"id": 201, "name": "Bedre dyrevelfærd 1", "image": "https://static-assets.digital.rema1000.dk/product/labels/201-64.webp"}], "description": "<b>Discount med holdning</b><br />I REMA 1000 har vi fokus på kvalitet til lave priser og overskriften på vores arbejde er Discount med holdning.<br />  <br />Vi har en klar holdning til alle de varer, vi sælger. Vi stiller ikke kun krav til kvaliteten af vores egne mærkevarer – det er også vigtigt for os, at emballagerne er designet til genanvendelse, at indholdet er uden problematiske stoffer, og at varerne er produceret ansvarligt samt mærket med tydelige og valide certificeringer.<br /><br /><b>Om denne vare</b><br />REMA 1000 smokey BBQ-wings (dybfrossen), er kyllingevinger med BBQ-marinade og afstemt røgsmag. Klar til at komme i ovnen - med et godt og smagfuldt resultat.<br /><br /><b>Tilberedning </b><br />Tilberedes i ovnen fra optøet eller frossen stand. BBQ-wings lægges på en bageplade og tilberedes i ovnen efter anvisning på emballagen.<br /><br /><b>Serveringsforslag</b><br />REMA 1000 smokey BBQ-wings smager skønt med en frisk og god kartoffelsalat til.", "info": "", "images": [{"small": "https://rema-product-images.digital.rema1000.dk/250067/1-small-MNqZzRlJqA.webp", "medium": "https://rema-product-images.digital.rema1000.dk/250067/1-medium-MNqZzRlJqA.webp", "large": "https://rema-product-images.digital.rema1000.dk/250067/1-large-MNqZzRlJqA.webp"}], "prices": [{"price": 39.95, "price_over_max_quantity": null, "max_quantity": null, "is_advertised": false, "is_campaign": false, "starting_at": "2025-07-10T00:00:00+00:00", "ending_at": "2025-09-06T00:00:00+00:00", "deposit": null, "compare_unit": "kg", "compare_unit_price": 66.58, "consumption_unit": null, "consumption_quantity": null}], "temperature_zone": "frozen_18_degrees_celsius", "is_self_scale_item": false, "is_weight_item": false, "is_available_in_all_stores": true, "is_batch_item": false}
{"id": 250098, "name": "KYLLINGESTRIMLER", "underline": "350 GR. / REMA 1000", "age_limit": null, "hazard_precaution_statements": [], "labels": [{"id": 2, "name": "REMA1000", "image": "https://static-assets.digital.rema1000.dk/product/labels/2-64.webp"}, {"id": 40, "name": "Nøglehul", "image": "https://static-assets.digital.rema1000.dk/product/labels/40-64.webp"}, {"id": 201, "name": "Bedre dyrevelfærd 1", "image": "https://static-assets.digital.rema1000.dk/product/labels/201-64.webp"}], "description": "<b>Discount med holdning</b><br />I REMA 1000 har vi fokus på kvalitet til lave priser og overskriften på vores arbejde er Discount med holdning.<br />  <br />Vi har en klar holdning til alle de varer, vi sælger. Vi stiller ikke kun krav til kvaliteten af vores egne mærkevarer – det er også vigtigt for os, at emballagerne er designet til genanvendelse, at indholdet er uden problematiske stoffer, og at varerne er produceret ansvarligt samt mærket med tydelige og valide certificeringer.<br /><br /><b>Om denne vare</b><br />REMA 1000 kyllingestrimler (dybfrossen) er en klassisk råvare i det danske køkken, og god at have i fryseren til de travle dage. <br /><br /><b>Tilberedning </b><br />Kan tilberedes på panden, i ovnen eller i en gryde efter anvisning på emballagen.<br /><br /><b>Serveringsforslag</b><br />REMA 1000 kyllingestrimler smager skønt i en spicy wokret, i pitabrød eller i en sprød salat.", "info": "", "images": [{"small": "https://rema-product-images.digital.rema1000.dk/250098/1-small-Al903vr3q8.webp", "medium": "https://rema-product-images.digital.rema1000.dk/250098/1-medium-Al903vr3q8.webp", "large": "https://rema-product-images.digital.rema1000.dk/250098/1-large-Al903vr3q8.webp"}], "prices": [{"price": 36.95, "price_over_max_quantity": null, "max_quantity": null, "is_advertised": false, "is_campaign": false, "starting_at": "2025-07-03T00:00:00+00:00", "ending_at": "2099-12-31T00:00:00+00:00", "deposit": null, "compare_unit": "kg", "compare_unit_price": 105.57, "consumption_unit": null, "consumption_quantity": null}], "temperature_zone": "frozen_18_degrees_celsius", "is_self_scale_item": false, "is_weight_item": false, "is_available_in_all_stores": true, "is_batch_item": false}
{"id": 250297, "name": "KYLLINGEDIPPERS M BBQ", "underline": "275 GR. / REMA 1000", "age_limit": null, "hazard_precaution_statements": [], "labels": [{"id": 2, "name": "REMA1000", "image": "https://static-assets.digital.rema1000.dk/product/labels/2-64.webp"}], "description": "<b>Discount med holdning</b><br />I REMA 1000 har vi fokus på kvalitet til lave priser og overskriften på vores arbejde er Discount med holdning.<br /> <br />Vi har en klar holdning til alle de varer, vi sælger. Vi stiller ikke kun krav til kvaliteten af vores egne mærkevarer – det er også vigtigt for os, at emballagerne er designet til genanvendelse, at indholdet er uden problematiske stoffer, og at varerne er produceret ansvarligt samt mærket med tydelige og valide certificeringer.<br /><br /><b>Om denne vare</b><br />REMA 1000 kyllingedippers m. BBQ (dybfrossen) er stegte og panerede stykker af kyllingebryst. Med i pakken, får du en lækker BBQ-dip, som passer perfekt til de sprøde kyllingedippers.<br /><br /><b>Tilberedning </b><br />Kyllingedippers: Tilberedes på panden eller i friture efter anvisning på emballagen.<br />BBQ dip: optøs ved at den lægges i koldt vand i 5-10 min.<br /><br /><b>Serveringsforslag</b><br />REMA 1000 kyllingedippers smager skønt til tapas, som snack eller som et lille måltid.", "info": "", "images": [{"small": "https://rema-product-images.digital.rema1000.dk/250297/1-small-aboKMwRz9p.webp", "medium": "https://rema-product-images.digital.rema1000.dk/250297/1-medium-aboKMwRz9p.webp", "large": "https://rema-product-images.digital.rema1000.dk/250297/1-large-aboKMwRz9p.webp"}], "prices": [{"price": 24.95, "price_over_max_quantity": null, "max_quantity": null, "is_advertised": false, "is_campaign": false, "starting_at": "2022-05-19T00:00:00+00:00", "ending_at": "2025-09-24T00:00:00+00:00", "deposit": null, "compare_unit": "kg", "compare_unit_price": 90.73, "consumption_unit": null, "consumption_quantity": null}], "temperature_zone": "frozen_18_degrees_celsius", "is_self_scale_item": false, "is_weight_item": false, "is_available_in_all_stores": true, "is_batch_item": false}
{"id": 250300, "name": "KYLLINGESCHNITZLER", "underline": "240 GR. / REMA 1000", "age_limit": null, "hazard_precaution_statements": [], "labels": [{"id": 2, "name": "REMA1000", "image": "https://static-assets.digital.rema1000.dk/product/labels/2-64.webp"}, {"id": 201, "name": "Bedre dyrevelfærd 1", "image": "https://static-assets.digital.rema1000.dk/product/labels/201-64.webp"}], "description": "<b>Discount med holdning</b><br />I REMA 1000 har vi fokus på kvalitet til lave priser og overskriften på vores arbejde er Discount med holdning.<br /> <br />Vi har en klar holdning til alle de varer, vi sælger. Vi stiller ikke kun krav til kvaliteten af vores egne mærkevarer – det er også vigtigt for os, at emballagerne er designet til genanvendelse, at indholdet er uden problematiske stoffer, og at varerne er produceret ansvarligt samt mærket med tydelige og valide certificeringer.<br /><br /><b>Om denne vare</b><br />REMA 1000 kyllingeschnitzler (dybfrossen) er panerede og stegte - lige til at sætte i ovnen med et godt og smagfuldt resultat.<br /><br /><b>Tilberedning </b><br />Kan tilberedes på panden eller i ovnen fra optøet eller frossen stand. Tilberedes efter anvisning på emballagen.<br /><br /><b>Serveringsforslag</b><br />REMA 1000 kyllingeschnitzler smager skønt til en sprød og frisk salat, eller i en lækker burger.", "info": "", "images": [{"small": "https://rema-product-images.digital.rema1000.dk/250300/1-small-xePwBMd89w.webp", "medium": "https://rema-product-images.digital.rema1000.dk/250300/1-medium-xePwBMd89w.webp", "large": "https://rema-product-images.digital.rema1000.dk/250300/1-large-xePwBMd89w.webp"}], "prices": [{"price": 20.95, "price_over_max_quantity": null, "max_quantity": null, "is_advertised": false, "is_campaign": false, "starting_at": "2025-07-31T00:00:00+00:00", "ending_at": "2025-08-23T00:00:00+00:00", "deposit": null, "compare_unit": "kg", "compare_unit_price": 87.29, "consumption_unit": null, "consumption_quantity": null}], "temperature_zone": "frozen_18_degrees_celsius", "is_self_scale_item": false, "is_weight_item": false, "is_available_in_all_stores": true, "is_batch_item": false}
{"id": 250302, "name": "KYLLING CORDON BLEU", "underline": "300 GR. / REMA 1000", "age_limit": null, "hazard_precaution_statements": [], "labels": [{"id": 2, "name": "REMA1000", "image": "https://static-assets.digital.rema1000.dk/product/labels/2-64.webp"}], "description": "<b>Discount med holdning</b><br />I REMA 1000 har vi fokus på kvalitet til lave priser og overskriften på vores arbejde er Discount med holdning.<br /> <br />Vi har en klar holdning til alle de varer, vi sælger. Vi stiller ikke kun krav til kvaliteten af vores egne mærkevarer – det er også vigtigt for os, at emballagerne er designet til genanvendelse, at indholdet er uden problematiske stoffer, og at varerne er produceret ansvarligt samt mærket med tydelige og valide certificeringer.<br /><br /><b>Om denne vare</b><br />REMA 1000 kylling Cordon Bleu (dybfrossen) er paneret kyllingebrystfilet med fyld af goudaost og kogt kalkunskinke - lige til at sætte i ovnen med et godt og smagfuldt resultat. <br /><br /><b>Tilberedning </b><br />Kan tilberedes på panden eller i ovnen efter anvisning på emballagen.<br /><br /><b>Serveringsforslag</b><br />REMA 1000 kylling Cordon Bleu smager skønt med hjemmelavet coleslaw som tilbehør.", "info": "", "images": [{"small": "https://rema-product-images.digital.rema1000.dk/250302/1-small-kAonMkQEPx.webp", "medium": "https://rema-product-images.digital.rema1000.dk/250302/1-medium-kAonMkQEPx.webp", "large": "https://rema-product-images.digital.rema1000.dk/250302/1-large-kAonMkQEPx.webp"}], "prices": [{"price": 34.95, "price_over_max_quantity": null, "max_quantity": null, "is_advertised": false, "is_campaign": false, "starting_at": "2025-07-10T00:00:00+00:00", "ending_at": "2099-12-31T00:00:00+00:00", "deposit": null, "compare_unit": "kg", "compare_unit_price": 116.5, "consumption_unit": null, "consumption_quantity": null}], "temperature_zone": "frozen_18_degrees_celsius", "is_self_scale_item": false, "is_weight_item": false, "is_available_in_all_stores": true, "is_batch_item": false}
{"id": 250312, "name": "KYLLINGENUGGETS", "underline": "750 GR. / REMA 1000", "age_limit": null, "hazard_precaution_statements": [], "labels": [{"id": 2, "name": "REMA1000", "image": "https://static-assets.digital.rema1000.dk/product/labels/2-64.webp"}, {"id": 70, "name": "Dansk", "image": "https://static-assets.digital.rema1000.dk/product/labels/70-64.webp"}, {"id": 201, "name": "Bedre dyrevelfærd 1", "image": "https://static-assets.digital.rema1000.dk/product/labels/201-64.webp"}], "description": "<b>Discount med holdning</b><br />I REMA 1000 har vi fokus på kvalitet til lave priser og overskriften på vores arbejde er Discount med holdning.<br /> <br />Vi har en klar holdning til alle de varer, vi sælger. Vi stiller ikke kun krav til kvaliteten af vores egne mærkevarer – det er også vigtigt for os, at emballagerne er designet til genanvendelse, at indholdet er uden problematiske stoffer, og at varerne er produceret ansvarligt samt mærket med tydelige og valide certificeringer.<br /><br /><b>Om denne vare</b><br />REMA 1000 kyllingenuggets (dybfrossen) er kylling dyppet i lækker dej. Disse kyllingenuggets er forstegte og lige til at sætte i ovnen - med et godt og smagfuldt resultat. <br /><br /><b>Tilberedning </b><br />Tilberedes på panden eller i ovnen efter anvisning på emballagen.<br /><br /><b>Serveringsforslag</b><br />REMA 1000 kyllingenuggets smager skønt som lækker snack med din favoritdip eller som tilbehør til en god salat.", "info": "", "images": [{"small": "https://rema-product-images.digital.rema1000.dk/250312/1-small-18oXwbdLPk.webp", "medium": "https://rema-product-images.digital.rema1000.dk/250312/1-medium-18oXwbdLPk.webp", "large": "https://rema-product-images.digital.rema1000.dk/250312/1-large-18oXwbdLPk.webp"}], "prices": [{"price": 45.95, "price_over_max_quantity": null, "max_quantity": null, "is_advertised": false, "is_campaign": false, "starting_at": "2025-07-31T00:00:00+00:00", "ending_at": "2025-09-06T00:00:00+00:00", "deposit": null, "compare_unit": "kg", "compare_unit_price": 61.27, "consumption_unit": null, "consumption_quantity": null}], "temperature_zone": "frozen_18_degrees_celsius", "is_self_scale_item": false, "is_weight_item": false, "is_available_in_all_stores": true, "is_batch_item": false}
{"id": 250327, "name": "OVNKLARE KYLLINGELÅR", "underline": "1000 GR. / REMA 1000, MED BBQ,", "age_limit": null, "hazard_precaution_statements": [], "labels": [{"id": 2, "name": "REMA1000", "image": "https://static-assets.digital.rema1000.dk/product/labels/2-64.webp"}, {"id": 40, "name": "Nøglehul", "image": "https://static-assets.digital.rema1000.dk/product/labels/40-64.webp"}, {"id": 70, "name": "Dansk", "image": "https://static-assets.digital.rema1000.dk/product/labels/70-64.webp"}, {"id": 201, "name": "Bedre dyrevelfærd 1", "image": "https://static-assets.digital.rema1000.dk/product/labels/201-64.webp"}], "description": "<b>Discount med holdning</b><br />I REMA 1000 har vi fokus på kvalitet til lave priser og overskriften på vores arbejde er Discount med holdning.<br /> <br />Vi har en klar holdning til alle de varer, vi sælger. Vi stiller ikke kun krav til kvaliteten af vores egne mærkevarer – det er også vigtigt for os, at emballagerne er designet til genanvendelse, at indholdet er uden problematiske stoffer, og at varerne er produceret ansvarligt samt mærket med tydelige og valide certificeringer.<br /><br /><b>Om denne vare</b><br />REMA 1000 ovnklare kyllingeunderlår af dansk kylling (dybfrossen), er krydret med en smagfuld BBQ - lige til at sætte i ovnen - og med et godt og smagfuldt resultat.<br /><br /><b>Tilberedning</b><br />De frosne kyllingeunderlår tilberedes i ovnen efter anvisning på emballagen. Låg og folie fjernes fra bakken inden tilberedning.", "info": "", "images": [{"small": "https://rema-product-images.digital.rema1000.dk/250327/1-small-OW9Oz5nlqg.webp", "medium": "https://rema-product-images.digital.rema1000.dk/250327/1-medium-OW9Oz5nlqg.webp", "large": "https://rema-product-images.digital.rema1000.dk/250327/1-large-OW9Oz5nlqg.webp"}], "prices": [{"price": 42.95, "price_over_max_quantity": null, "max_quantity": null, "is_advertised": false, "is_campaign": false, "starting_at": "2025-07-31T00:00:00+00:00", "ending_at": "2025-09-13T00:00:00+00:00", "deposit": null, "compare_unit": "kg", "compare_unit_price": 42.95, "consumption_unit": null, "consumption_quantity": null}], "temperature_zone": "frozen_18_degrees_celsius", "is_self_scale_item": false, "is_weight_item": false, "is_available_in_all_stores": true, "is_batch_item": false}
{"id": 250328, "name": "KYLLINGEKEBAB", "underline": "300 GR. / REMA 1000", "age_limit": null, "hazard_precaution_statements": [], "labels": [{"id": 2, "name": "REMA1000", "image": "https://static-assets.digital.rema1000.dk/product/labels/2-64.webp"}, {"id": 40, "name": "Nøglehul", "image": "https://static-assets.digital.rema1000.dk/product/labels/40-64.webp"}, {"id": 70, "name": "Dansk", "image": "https://static-assets.digital.rema1000.dk/product/labels/70-64.webp"}, {"id": 201, "name": "Bedre dyrevelfærd 1", "image": "https://static-assets.digital.rema1000.dk/product/labels/201-64.webp"}], "description": "<b>Discount med holdning</b><br />I REMA 1000 har vi fokus på kvalitet til lave priser og overskriften på vores arbejde er Discount med holdning.<br /> <br />Vi har en klar holdning til alle de varer, vi sælger. Vi stiller ikke kun krav til kvaliteten af vores egne mærkevarer – det er også vigtigt for os, at emballagerne er designet til genanvendelse, at indholdet er uden problematiske stoffer, og at varerne er produceret ansvarligt samt mærket med tydelige og valide certificeringer.<br /><br /><b>Om denne vare</b><br />REMA 1000 kyllingekebab (dybfrossen) er dansk produceret kyllingeoverlår, krydret og udskåret som kebab. - klar til din salat, pizza eller shawarma. God at have i fryseren til de travle dage.<br /><br /><b>Tilberedning </b><br />Kan tilberedes på panden, i ovnen eller i mikroovnen efter anvisning på emballagen.", "info": "", "images": [{"small": "https://rema-product-images.digital.rema1000.dk/250328/1-small-xyqa4mgAoD.webp", "medium": "https://rema-product-images.digital.rema1000.dk/250328/1-medium-xyqa4mgAoD.webp", "large": "https://rema-product-images.digital.rema1000.dk/250328/1-large-xyqa4mgAoD.webp"}], "prices": [{"price": 35.95, "price_over_max_quantity": null, "max_quantity": null, "is_advertised": false, "is_campaign": false, "starting_at": "2025-07-31T00:00:00+00:00", "ending_at": "2099-12-31T00:00:00+00:00", "deposit": null, "compare_unit": "kg", "compare_unit_price": 119.83, "consumption_unit": null, "consumption_quantity": null}], "temperature_zone": "frozen_18_degrees_celsius", "is_self_scale_item": false, "is_weight_item": false, "is_available_in_all_stores": true, "is_batch_item": false}
{"id": 250330, "name": "KYLLINGEBURGERBØFFER", "underline": "450 GR. / REMA 1000", "age_limit": null, "hazard_precaution_statements": [], "labels": [{"id": 2, "name": "REMA1000", "image": "https://static-assets.digital.rema1000.dk/product/labels/2-64.webp"}], "description": "<b>Discount med holdning</b><br />I REMA 1000 har vi fokus på kvalitet til lave priser og overskriften på vores arbejde er Discount med holdning.<br /> <br />Vi har en klar holdning til alle de varer, vi sælger. Vi stiller ikke kun krav til kvaliteten af vores egne mærkevarer – det er også vigtigt for os, at emballagerne er designet til genanvendelse, at indholdet er uden problematiske stoffer, og at varerne er produceret ansvarligt samt mærket med tydelige og valide certificeringer.<br /> <br /><b>Om denne vare</b><br />REMA 1000 kyllingeburgerbøffer (dybfrossen) er lavet af hakket kyllingebryst og paneret med sprøde cornflakes og krydderier. En smagfuld og saftig bøf til dine burgere - uden alt besværet.<br /><br /><b>Tilberedning </b><br />Tilberedes på panden eller i ovnen efter anvisning på emballagen.<br /><br /><b>Serveringsforslag</b><br />REMA 1000 kyllingeburgerbøffer smager skønt i en grov fuldkornsburgerbolle med mayonnaise, salat, tomat, løg, ost og en god burgerdressing.", "info": "", "images": [{"small": "https://rema-product-images.digital.rema1000.dk/250330/1-small-869D6G5YoM.webp", "medium": "https://rema-product-images.digital.rema1000.dk/250330/1-medium-869D6G5YoM.webp", "large": "https://rema-product-images.digital.rema1000.dk/250330/1-large-869D6G5YoM.webp"}], "prices": [{"price": 44.95, "price_over_max_quantity": null, "max_quantity": null, "is_advertised": false, "is_campaign": false, "starting_at": "2025-07-10T00:00:00+00:00", "ending_at": "2025-08-31T00:00:00+00:00", "deposit": null, "compare_unit": "kg", "compare_unit_price": 99.89, "consumption_unit": null, "consumption_quantity": null}], "temperature_zone": "frozen_18_degrees_celsius", "is_self_scale_item": false, "is_weight_item": false, "is_available_in_all_stores": true, "is_batch_item": false}
{"id": 250904, "name": "HØNSEKØD I TERN", "underline": "350 GR. / REMA 1000", "age_limit": null, "hazard_precaution_statements": [], "labels": [{"id": 2, "name": "REMA1000", "image": "https://static-assets.digital.rema1000.dk/product/labels/2-64.webp"}, {"id": 40, "name": "Nøglehul", "image": "https://static-assets.digital.rema1000.dk/product/labels/40-64.webp"}], "description": "<b>Discount med holdning</b><br />I REMA 1000 har vi fokus på kvalitet til lave priser og overskriften på vores arbejde er Discount med holdning.<br /> <br />Vi har en klar holdning til alle de varer, vi sælger. Vi stiller ikke kun krav til kvaliteten af vores egne mærkevarer – det er også vigtigt for os, at emballagerne er designet til genanvendelse, at indholdet er uden problematiske stoffer, og at varerne er produceret ansvarligt samt mærket med tydelige og valide certificeringer.<br /> <br /><b>Om denne vare</b><br />REMA 1000 hønsekød i tern (dybfrossen) er kogt, plukket og skåret i tern - klar til brug. Hønsekød i tern er ideel til en klassiske tarteletter, og nem at tilføje til en lækker salat.<br /><br />Der kan, trods stor omhu, forekomme enkelte ben- og bruskstykker i varen.", "info": "", "images": [{"small": "https://rema-product-images.digital.rema1000.dk/250904/1-small-OJq5a6GXqp.webp", "medium": "https://rema-product-images.digital.rema1000.dk/250904/1-medium-OJq5a6GXqp.webp", "large": "https://rema-product-images.digital.rema1000.dk/250904/1-large-OJq5a6GXqp.webp"}], "prices": [{"price": 39.95, "price_over_max_quantity": null, "max_quantity": null, "is_advertised": false, "is_campaign": false, "starting_at": "2022-09-29T00:00:00+00:00", "ending_at": "2025-08-20T00:00:00+00:00", "deposit": null, "compare_unit": "kg", "compare_unit_price": 114.14, "consumption_unit": null, "consumption_quantity": null}, {"price": 41.95, "price_over_max_quantity": null, "max_quantity": null, "is_advertised": false, "is_campaign": false, "starting_at": "2025-08-21T00:00:00+00:00", "ending_at": "2099-12-31T00:00:00+00:00", "deposit": null, "compare_unit": "kg", "compare_unit_price": 119.86, "consumption_unit": null, "consumption_quantity": null}], "temperature_zone": "frozen_18_degrees_celsius", "is_self_scale_item": false, "is_weight_item": false, "is_available_in_all_stores": true, "is_batch_item": false}
{"id": 250961, "name": "KYLLINGEBRYSTFILET", "underline": "750 GR. / REMA 1000, TILSAT 9% LAGE,", "age_limit": null, "hazard_precaution_statements": [], "labels": [{"id": 2, "name": "REMA1000", "image": "https://static-assets.digital.rema1000.dk/product/labels/2-64.webp"}, {"id": 40, "name": "Nøglehul", "image": "https://static-assets.digital.rema1000.dk/product/labels/40-64.webp"}, {"id": 70, "name": "Dansk", "image": "https://static-assets.digital.rema1000.dk/product/labels/70-64.webp"}, {"id": 201, "name": "Bedre dyrevelfærd 1", "image": "https://static-assets.digital.rema1000.dk/product/labels/201-64.webp"}], "description": "<b>Discount med holdning</b><br />I REMA 1000 har vi fokus på kvalitet til lave priser og overskriften på vores arbejde er Discount med holdning.<br /><br />Vi har en klar holdning til alle de varer, vi sælger. Vi stiller ikke kun krav til kvaliteten af vores egne mærkevarer – det er også vigtigt for os, at emballagerne er designet til genanvendelse, at indholdet er uden problematiske stoffer, og at varerne er produceret ansvarligt samt mærket med tydelige og valide certificeringer.<br /><br /><b>Om denne vare</b><br />REMA 1000 dansk kyllingebrystfileter (dybfrossen) er en klassisk råvare i det danske køkken, og god at have i fryseren til de travle dage. Disse fileter er tilsat vand, som sikrer en saftig spiseoplevelse. Der kan, trods stor omhu, forekomme enkelte ben- og bruskstykker i varen.<br /><br /><b>Tilberedning </b><br />Kan tilberedes på panden eller i ovnen fra optøet eller frossen stand. Tilberedes efter anvisning på emballagen.", "info": "", "images": [{"small": "https://rema-product-images.digital.rema1000.dk/250961/1-small-Z8qppJL0q3.webp", "medium": "https://rema-product-images.digital.rema1000.dk/250961/1-medium-Z8qppJL0q3.webp", "large": "https://rema-product-images.digital.rema1000.dk/250961/1-large-Z8qppJL0q3.webp"}], "prices": [{"price": 59.95, "price_over_max_quantity": null, "max_quantity": null, "is_advertised": false, "is_campaign": false, "starting_at": "2022-09-01T00:00:00+00:00", "ending_at": "2099-12-31T00:00:00+00:00", "deposit": null, "compare_unit": "kg", "compare_unit_price": 79.93, "consumption_unit": null, "consumption_quantity": null}], "temperature_zone": "frozen_18_degrees_celsius", "is_self_scale_item": false, "is_weight_item": false, "is_available_in_all_stores": false, "is_batch_item": false}
{"id": 25506, "name": "LURPAK SMØRBAR", "underline": "200 GR. / DANSK SALTET", "age_limit": null, "hazard_precaution_statements": [], "labels": [{"id": 70, "name": "Dansk", "image": "https://static-assets.digital.rema1000.dk/product/labels/70-64.webp"}], "description": null, "info": "", "images": [{"small": "https://rema-product-images.digital.rema1000.dk/25506/1-small-vVorNAko3z.webp", "medium": "https://rema-product-images.digital.rema1000.dk/25506/1-medium-vVorNAko3z.webp", "large": "https://rema-product-images.digital.rema1000.dk/25506/1-large-vVorNAko3z.webp"}], "prices": [{"price": 31.95, "price_over_max_quantity": null, "max_quantity": null, "is_advertised": false, "is_campaign": false, "starting_at": "2025-01-30T00:00:00+00:00", "ending_at": "2099-12-31T00:00:00+00:00", "deposit": null, "compare_unit": "kg", "compare_unit_price": 159.75, "consumption_unit": null, "consumption_quantity": null}], "temperature_zone": "refrigerated_5_degrees_celsius", "is_self_scale_item": false, "is_weight_item": false, "is_available_in_all_stores": false, "is_batch_item": false}
{"id": 25511, "name": "LURPAK SMØR", "underline": "200 GR. / DANSK SALTET", "age_limit": null, "hazard_precaution_statements": [], "labels": [{"id": 70, "name": "Dansk", "image": "https://static-assets.digital.rema1000.dk/product/labels/70-64.webp"}], "description": null, "info": "", "images": [{"small": "https://rema-product-images.digital.rema1000.dk/25511/1-small-A5qVKla9aQ.webp", "medium": "https://rema-product-images.digital.rema1000.dk/25511/1-medium-A5qVKla9aQ.webp", "large": "https://rema-product-images.digital.rema1000.dk/25511/1-large-A5qVKla9aQ.webp"}], "prices": [{"price": 31.95, "price_over_max_quantity": null, "max_quantity": null, "is_advertised": false, "is_campaign": false, "starting_at": "2025-01-30T00:00:00+00:00", "ending_at": "2099-12-31T00:00:00+00:00", "deposit": null, "compare_unit": "kg", "compare_unit_price": 159.75, "consumption_unit": null, "consumption_quantity": null}], "temperature_zone": "refrigerated_5_degrees_celsius", "is_self_scale_item": false, "is_weight_item": false, "is_available_in_all_stores": true, "is_batch_item": false}
{"id": 25516, "name": "LURPAK PLANTEBASERET", "underline": "200 GR.", "age_limit": null, "hazard_precaution_statements": [], "labels": [], "description": null, "info": "", "images": [{"small": "https://rema-product-images.digital.rema1000.dk/25516/1-small-6xqAm3bqDr.webp", "medium": "https://rema-product-images.digital.rema1000.dk/25516/1-medium-6xqAm3bqDr.webp", "large": "https://rema-product-images.digital.rema1000.dk/25516/1-large-6xqAm3bqDr.webp"}], "prices": [{"price": 19.95, "price_over_max_quantity": null, "max_quantity": null, "is_advertised": false, "is_campaign": false, "starting_at": "2025-06-26T00:00:00+00:00", "ending_at": "2099-12-31T00:00:00+00:00", "deposit": null, "compare_unit": "kg", "compare_unit_price": 99.75, "consumption_unit": null, "consumption_quantity": null}], "temperature_zone": "refrigerated_5_degrees_celsius", "is_self_scale_item": false, "is_weight_item": false, "is_available_in_all_stores": false, "is_batch_item": false}
{"id": 25735, "name": "SMØRBAR", "underline": "200 GR. / NATURLI', ØKOLOGISK", "age_limit": null, "hazard_precaution_statements": [], "labels": [{"id": 6, "name": "Økologi", "image": "https://static-assets.digital.rema1000.dk/product/labels/6-64.webp"}], "description": null, "info": "", "images": [{"small": "https://rema-product-images.digital.rema1000.dk/25735/1-small-Gb9kj2Nq75.webp", "medium": "https://rema-product-images.digital.rema1000.dk/25735/1-medium-Gb9kj2Nq75.webp", "large": "https://rema-product-images.digital.rema1000.dk/25735/1-large-Gb9kj2Nq75.webp"}], "prices": [{"price": 19.95, "price_over_max_quantity": null, "max_quantity": null, "is_advertised": false, "is_campaign": false, "starting_at": "2025-05-08T00:00:00+00:00", "ending_at": "2025-08-30T00:00:00+00:00", "deposit": null, "compare_unit": "kg", "compare_unit_price": 99.75, "consumption_unit": null, "consumption_quantity": null}], "temperature_zone": "refrigerated_5_degrees_celsius", "is_self_scale_item": false, "is_weight_item": false, "is_available_in_all_stores": true, "is_batch_item": false}
{"id": 25739, "name": "BAKKEDAL", "underline": "200 GR. / ØKOLOGISK", "age_limit": null, "hazard_precaution_statements": [], "labels": [{"id": 6, "name": "Økologi", "image": "https://static-assets.digital.rema1000.dk/product/labels/6-64.webp"}], "description": null, "info": "", "images": [{"small": "https://rema-product-images.digital.rema1000.dk/25739/1-small-zOPle4BoRW.webp", "medium": "https://rema-product-images.digital.rema1000.dk/25739/1-medium-zOPle4BoRW.webp", "large": "https://rema-product-images.digital.rema1000.dk/25739/1-large-zOPle4BoRW.webp"}], "prices": [{"price": 22.95, "price_over_max_quantity": null, "max_quantity": null, "is_advertised": false, "is_campaign": false, "starting_at": "2025-01-23T00:00:00+00:00", "ending_at": "2099-12-31T00:00:00+00:00", "deposit": null, "compare_unit": "kg", "compare_unit_price": 114.75, "consumption_unit": null, "consumption_quantity": null}], "temperature_zone": "refrigerated_5_degrees_celsius", "is_self_scale_item": false, "is_weight_item": false, "is_available_in_all_stores": true, "is_batch_item": false}
{"id": 25748, "name": "ARLA SMØR", "underline": "250 GR. / LACTOFREE", "age_limit": null, "hazard_precaution_statements": [], "labels": [{"id": 37, "name": "Laktose fri", "image": "https://static-assets.digital.rema1000.dk/product/labels/37-64.webp"}], "description": null, "info": "", "images": [{"small": "https://rema-product-images.digital.rema1000.dk/25748/1-small-OJq5OORPpr.webp", "medium": "https://rema-product-images.digital.rema1000.dk/25748/1-medium-OJq5OORPpr.webp", "large": "https://rema-product-images.digital.rema1000.dk/25748/1-large-OJq5OORPpr.webp"}], "prices": [{"price": 34.95, "price_over_max_quantity": null, "max_quantity": null, "is_advertised": false, "is_campaign": false, "starting_at": "2025-01-30T00:00:00+00:00", "ending_at": "2099-12-31T00:00:00+00:00", "deposit": null, "compare_unit": "kg", "compare_unit_price": 139.8, "consumption_unit": null, "consumption_quantity": null}], "temperature_zone": "refrigerated_5_degrees_celsius", "is_self_scale_item": false, "is_weight_item": false, "is_available_in_all_stores": true, "is_batch_item": false}
{"id": 25750, "name": "NEM & SMØRBAR", "underline": "200 GR. / REMA 1000", "age_limit": null, "hazard_precaution_statements": [], "labels": [{"id": 2, "name": "REMA1000", "image": "https://static-assets.digital.rema1000.dk/product/labels/2-64.webp"}], "description": null, "info": "", "images": [{"small": "https://rema-product-images.digital.rema1000.dk/25750/1-small-vVorNN4o3z.webp", "medium": "https://rema-product-images.digital.rema1000.dk/25750/1-medium-vVorNN4o3z.webp", "large": "https://rema-product-images.digital.rema1000.dk/25750/1-large-vVorNN4o3z.webp"}], "prices": [{"price": 16.5, "price_over_max_quantity": null, "max_quantity": null, "is_advertised": false, "is_campaign": false, "starting_at": "2025-01-30T00:00:00+00:00", "ending_at": "2099-12-31T00:00:00+00:00", "deposit": null, "compare_unit": "kg", "compare_unit_price": 82.5, "consumption_unit": null, "consumption_quantity": null}], "temperature_zone": "refrigerated_5_degrees_celsius", "is_self_scale_item": false, "is_weight_item": false, "is_available_in_all_stores": true, "is_batch_item": false}
{"id": 26000, "name": "KOLDSKÅL MED CITRON", "underline": "1 LTR. / KLØVER", "age_limit": null, "hazard_precaution_statements": [], "labels": [], "description": null, "info": "", "images": [{"small": "https://rema-product-images.digital.rema1000.dk/26000/1-small-xePwGwOPw8.webp", "medium": "https://rema-product-images.digital.rema1000.dk/26000/1-medium-xePwGwOPw8.webp", "large": "https://rema-product-images.digital.rema1000.dk/26000/1-large-xePwGwOPw8.webp"}], "prices": [{"price": 18.95, "price_over_max_quantity": null, "max_quantity": null, "is_advertised": false, "is_campaign": false, "starting_at": "2025-01-30T00:00:00+00:00", "ending_at": "2099-12-31T00:00:00+00:00", "deposit": null, "compare_unit": "ltr", "compare_unit_price": 18.95, "consumption_unit": null, "consumption_quantity": null}], "temperature_zone": "refrigerated_5_degrees_celsius", "is_self_scale_item": false, "is_weight_item": false, "is_available_in_all_stores": false, "is_batch_item": false}
{"id": 260079, "name": "SKILDPADDE ISLAGKAGE", "underline": "1300 ML. / TOMS", "age_limit": null, "hazard_precaution_statements": [], "labels": [], "description": null, "info": "", "images": [{"small": "https://rema-product-images.digital.rema1000.dk/260079/1-small-Gb9kw6LN97.webp", "medium": "https://rema-product-images.digital.rema1000.dk/260079/1-medium-Gb9kw6LN97.webp", "large": "https://rema-product-images.digital.rema1000.dk/260079/1-large-Gb9kw6LN97.webp"}], "prices": [{"price": 59.95, "price_over_max_quantity": null, "max_quantity": null, "is_advertised": false, "is_campaign": false, "starting_at": "2020-08-27T00:00:00+00:00", "ending_at": "2025-08-23T00:00:00+00:00", "deposit": null, "compare_unit": "ltr", "compare_unit_price": 46.12, "consumption_unit": null, "consumption_quantity": null}], "temperature_zone": "frozen_18_degrees_celsius", "is_self_scale_item": false, "is_weight_item": false, "is_available_in_all_stores": true, "is_batch_item": false}
{"id": 260106, "name": "VANILJE FLØDEIS", "underline": "1 LTR. / REMA 1000", "age_limit": null, "hazard_precaution_statements": [], "labels": [{"id": 2, "name": "REMA1000", "image": "https://static-assets.digital.rema1000.dk/product/labels/2-64.webp"}], "description": "Dansk produceret vanilje flødeis  ", "info": "", "images": [{"small": "https://rema-product-images.digital.rema1000.dk/260106/1-small-vVorEQj7P3.webp", "medium": "https://rema-product-images.digital.rema1000.dk/260106/1-medium-vVorEQj7P3.webp", "large": "https://rema-product-images.digital.rema1000.dk/260106/1-large-vVorEQj7P3.webp"}], "prices": [{"price": 22.5, "price_over_max_quantity": null, "max_quantity": null, "is_advertised": false, "is_campaign": false, "starting_at": "2023-03-30T00:00:00+00:00", "ending_at": "2099-12-31T00:00:00+00:00", "deposit": null, "compare_unit": "ltr", "compare_unit_price": 22.5, "consumption_unit": null, "consumption_quantity": null}], "temperature_zone": "frozen_18_degrees_celsius", "is_self_scale_item": false, "is_weight_item": false, "is_available_in_all_stores": true, "is_batch_item": false}
{"id": 260107, "name": "TREFARVET FLØDEIS", "underline": "1 LTR. / REMA 1000", "age_limit": null, "hazard_precaution_statements": [], "labels": [{"id": 2, "name": "REMA1000", "image": "https://static-assets.digital.rema1000.dk/product/labels/2-64.webp"}], "description": "Dansk produceret trefravet flødeis  ", "info": "", "images": [{"small": "https://rema-product-images.digital.rema1000.dk/260107/1-small-v09gjQEnqA.webp", "medium": "https://rema-product-images.digital.rema1000.dk/260107/1-medium-v09gjQEnqA.webp", "large": "https://rema-product-images.digital.rema1000.dk/260107/1-large-v09gjQEnqA.webp"}], "prices": [{"price": 22.5, "price_over_max_quantity": null, "max_quantity": null, "is_advertised": false, "is_campaign": false, "starting_at": "2023-03-30T00:00:00+00:00", "ending_at": "2099-12-31T00:00:00+00:00", "deposit": null, "compare_unit": "ltr", "compare_unit_price": 22.5, "consumption_unit": null, "consumption_quantity": null}], "temperature_zone": "frozen_18_degrees_celsius", "is_self_scale_item": false, "is_weight_item": false, "is_available_in_all_stores": false, "is_batch_item": false}
{"id": 260108, "name": "NOUGAT FLØDEIS", "underline": "1 LTR. / REMA 1000", "age_limit": null, "hazard_precaution_statements": [], "labels": [{"id": 2, "name": "REMA1000", "image": "https://static-assets.digital.rema1000.dk/product/labels/2-64.webp"}], "description": "Dansk produceret vanilje flødeis  ", "info": "", "images": [{"small": "https://rema-product-images.digital.rema1000.dk/260108/1-small-NpP7bO859O.webp", "medium": "https://rema-product-images.digital.rema1000.dk/260108/1-medium-NpP7bO859O.webp", "large": "https://rema-product-images.digital.rema1000.dk/260108/1-large-NpP7bO859O.webp"}], "prices": [{"price": 22.5, "price_over_max_quantity": null, "max_quantity": null, "is_advertised": false, "is_campaign": false, "starting_at": "2023-03-30T00:00:00+00:00", "ending_at": "2099-12-31T00:00:00+00:00", "deposit": null, "compare_unit": "ltr", "compare_unit_price": 22.5, "consumption_unit": null, "consumption_quantity": null}], "temperature_zone": "frozen_18_degrees_celsius", "is_self_scale_item": false, "is_weight_item": false, "is_available_in_all_stores": true, "is_batch_item": false}
{"id": 260122, "name": "WHITE CHOCOLATE", "underline": "440 ML. / COOKIES, MAGNUM", "age_limit": null, "hazard_precaution_statements": [], "labels": [], "description": null, "info": "", "images": [{"small": "https://rema-product-images.digital.rema1000.dk/260122/1-small-pyozapOwPX.webp", "medium": "https://rema-product-images.digital.rema1000.dk/260122/1-medium-pyozapOwPX.webp", "large": "https://rema-product-images.digital.rema1000.dk/260122/1-large-pyozapOwPX.webp"}], "prices": [{"price": 25, "price_over_max_quantity": null, "max_quantity": null, "is_advertised": false, "is_campaign": false, "starting_at": "2025-07-13T00:00:00+00:00", "ending_at": "2025-11-15T00:00:00+00:00", "deposit": null, "compare_unit": "ltr", "compare_unit_price": 56.82, "consumption_unit": null, "consumption_quantity": null}], "temperature_zone": "frozen_18_degrees_celsius", "is_self_scale_item": false, "is_weight_item": false, "is_available_in_all_stores": true, "is_batch_item": true}
{"id": 260125, "name": "SALTED CARAMEL", "underline": "440 ML. / MAGNUM", "age_limit": null, "hazard_precaution_statements": [], "labels": [{"id": 95, "name": "Rainforest Alliance", "image": "https://static-assets.digital.rema1000.dk/product/labels/95-64.webp"}], "description": null, "info": "", "images": [{"small": "https://rema-product-images.digital.rema1000.dk/260125/1-small-Ea91mkvR9z.webp", "medium": "https://rema-product-images.digital.rema1000.dk/260125/1-medium-Ea91mkvR9z.webp", "large": "https://rema-product-images.digital.rema1000.dk/260125/1-large-Ea91mkvR9z.webp"}], "prices": [{"price": 25, "price_over_max_quantity": null, "max_quantity": null, "is_advertised": false, "is_campaign": false, "starting_at": "2025-07-13T00:00:00+00:00", "ending_at": "2025-11-15T00:00:00+00:00", "deposit": null, "compare_unit": "ltr", "compare_unit_price": 56.82, "consumption_unit": null, "consumption_quantity": null}], "temperature_zone": "frozen_18_degrees_celsius", "is_self_scale_item": false, "is_weight_item": false, "is_available_in_all_stores": true, "is_batch_item": true}
{"id": 260191, "name": "ISTERNINGER", "underline": "2000 GR. / REMA 1000", "age_limit": null, "hazard_precaution_statements": [], "labels": [{"id": 2, "name": "REMA1000", "image": "https://static-assets.digital.rema1000.dk/product/labels/2-64.webp"}], "description": null, "info": "", "images": [{"small": "https://rema-product-images.digital.rema1000.dk/260191/1-small-3MoMeBA3o5.webp", "medium": "https://rema-product-images.digital.rema1000.dk/260191/1-medium-3MoMeBA3o5.webp", "large": "https://rema-product-images.digital.rema1000.dk/260191/1-large-3MoMeBA3o5.webp"}], "prices": [{"price": 20, "price_over_max_quantity": null, "max_quantity": null, "is_advertised": false, "is_campaign": false, "starting_at": "2019-07-15T00:00:00+00:00", "ending_at": "2099-12-31T00:00:00+00:00", "deposit": null, "compare_unit": "kg", "compare_unit_price": 10, "consumption_unit": null, "consumption_quantity": null}], "temperature_zone": "frozen_18_degrees_celsius", "is_self_scale_item": false, "is_weight_item": false, "is_available_in_all_stores": true, "is_batch_item": false}
{"id": 260202, "name": "CLASSIC IS", "underline": "440 ML. / MAGNUM", "age_limit": null, "hazard_precaution_statements": [], "labels": [], "description": null, "info": "", "images": [{"small": "https://rema-product-images.digital.rema1000.dk/260202/1-small-kAon2MREox.webp", "medium": "https://rema-product-images.digital.rema1000.dk/260202/1-medium-kAon2MREox.webp", "large": "https://rema-product-images.digital.rema1000.dk/260202/1-large-kAon2MREox.webp"}], "prices": [{"price": 25, "price_over_max_quantity": null, "max_quantity": null, "is_advertised": false, "is_campaign": false, "starting_at": "2025-07-13T00:00:00+00:00", "ending_at": "2025-11-15T00:00:00+00:00", "deposit": null, "compare_unit": "ltr", "compare_unit_price": 56.82, "consumption_unit": null, "consumption_quantity": null}], "temperature_zone": "frozen_18_degrees_celsius", "is_self_scale_item": false, "is_weight_item": false, "is_available_in_all_stores": true, "is_batch_item": true}
{"id": 260203, "name": "MANDEL IS", "underline": "440 ML. / MAGNUM", "age_limit": null, "hazard_precaution_statements": [], "labels": [], "description": null, "info": "", "images": [{"small": "https://rema-product-images.digital.rema1000.dk/260203/1-small-3MoMeBAko5.webp", "medium": "https://rema-product-images.digital.rema1000.dk/260203/1-medium-3MoMeBAko5.webp", "large": "https://rema-product-images.digital.rema1000.dk/260203/1-large-3MoMeBAko5.webp"}], "prices": [{"price": 25, "price_over_max_quantity": null, "max_quantity": null, "is_advertised": false, "is_campaign": false, "starting_at": "2025-07-13T00:00:00+00:00", "ending_at": "2025-11-15T00:00:00+00:00", "deposit": null, "compare_unit": "ltr", "compare_unit_price": 56.82, "consumption_unit": null, "consumption_quantity": null}], "temperature_zone": "frozen_18_degrees_celsius", "is_self_scale_item": false, "is_weight_item": false, "is_available_in_all_stores": true, "is_batch_item": true}
{"id": 260231, "name": "MAGNUM CLASSIC", "underline": "300 ML.", "age_limit": null, "hazard_precaution_statements": [], "labels": [{"id": 90, "name": "Rainforest Alliance certificeret", "image": "https://static-assets.digital.rema1000.dk/product/labels/90-64.webp"}], "description": null, "info": "", "images": [{"small": "https://rema-product-images.digital.rema1000.dk/260231/1-small-01q281MwP7.webp", "medium": "https://rema-product-images.digital.rema1000.dk/260231/1-medium-01q281MwP7.webp", "large": "https://rema-product-images.digital.rema1000.dk/260231/1-large-01q281MwP7.webp"}], "prices": [{"price": 25, "price_over_max_quantity": null, "max_quantity": null, "is_advertised": false, "is_campaign": false, "starting_at": "2025-07-13T00:00:00+00:00", "ending_at": "2025-11-15T00:00:00+00:00", "deposit": null, "compare_unit": "ltr", "compare_unit_price": 83.33, "consumption_unit": null, "consumption_quantity": null}], "temperature_zone": "frozen_18_degrees_celsius", "is_self_scale_item": false, "is_weight_item": false, "is_available_in_all_stores": true, "is_batch_item": true}
{"id": 260232, "name": "DOUBLE COLD CARAMEL", "underline": "255 ML. / BILLIONAIRE, MAGNUM", "age_limit": null, "hazard_precaution_statements": [], "labels": [{"id": 95, "name": "Rainforest Alliance", "image": "https://static-assets.digital.rema1000.dk/product/labels/95-64.webp"}], "description": null, "info": "", "images": [{"small": "https://rema-product-images.digital.rema1000.dk/260232/1-small-nDPWazeYqW.webp", "medium": "https://rema-product-images.digital.rema1000.dk/260232/1-medium-nDPWazeYqW.webp", "large": "https://rema-product-images.digital.rema1000.dk/260232/1-large-nDPWazeYqW.webp"}], "prices": [{"price": 25, "price_over_max_quantity": null, "max_quantity": null, "is_advertised": false, "is_campaign": false, "starting_at": "2025-07-13T00:00:00+00:00", "ending_at": "2025-11-15T00:00:00+00:00", "deposit": null, "compare_unit": "ltr", "compare_unit_price": 98.04, "consumption_unit": null, "consumption_quantity": null}], "temperature_zone": "frozen_18_degrees_celsius", "is_self_scale_item": false, "is_weight_item": false, "is_available_in_all_stores": true, "is_batch_item": true}
{"id": 260233, "name": "MAGNUM EUPHORIA", "underline": "270 ML.", "age_limit": null, "hazard_precaution_statements": [], "labels": [{"id": 95, "name": "Rainforest Alliance", "image": "https://static-assets.digital.rema1000.dk/product/labels/95-64.webp"}], "description": null, "info": "", "images": [{"small": "https://rema-product-images.digital.rema1000.dk/260233/1-small-YLPjn7OVPk.webp", "medium": "https://rema-product-images.digital.rema1000.dk/260233/1-medium-YLPjn7OVPk.webp", "large": "https://rema-product-images.digital.rema1000.dk/260233/1-large-YLPjn7OVPk.webp"}], "prices": [{"price": 25, "price_over_max_quantity": null, "max_quantity": null, "is_advertised": false, "is_campaign": false, "starting_at": "2025-07-13T00:00:00+00:00", "ending_at": "2025-11-15T00:00:00+00:00", "deposit": null, "compare_unit": "ltr", "compare_unit_price": 92.59, "consumption_unit": null, "consumption_quantity": null}], "temperature_zone": "frozen_18_degrees_celsius", "is_self_scale_item": false, "is_weight_item": false, "is_available_in_all_stores": true, "is_batch_item": true}
{"id": 260239, "name": "ISVAFFEL MED SALTKARMEL", "underline": "520 ML. / NATURLI´", "age_limit": null, "hazard_precaution_statements": [], "labels": [{"id": 38, "name": "Gluten fri", "image": "https://static-assets.digital.rema1000.dk/product/labels/38-64.webp"}], "description": null, "info": "", "images": [{"small": "https://rema-product-images.digital.rema1000.dk/260239/1-small-zOPlmlZgoR.webp", "medium": "https://rema-product-images.digital.rema1000.dk/260239/1-medium-zOPlmlZgoR.webp", "large": "https://rema-product-images.digital.rema1000.dk/260239/1-large-zOPlmlZgoR.webp"}], "prices": [{"price": 34.95, "price_over_max_quantity": null, "max_quantity": null, "is_advertised": false, "is_campaign": false, "starting_at": "2023-09-28T00:00:00+00:00", "ending_at": "2099-12-31T00:00:00+00:00", "deposit": null, "compare_unit": "ltr", "compare_unit_price": 67.21, "consumption_unit": null, "consumption_quantity": null}], "temperature_zone": "frozen_18_degrees_celsius", "is_self_scale_item": false, "is_weight_item": false, "is_available_in_all_stores": true, "is_batch_item": false}
{"id": 260250, "name": "COOKIE DOUGH", "underline": "450 ML. / NATURLI’", "age_limit": null, "hazard_precaution_statements": [], "labels": [], "description": null, "info": "", "images": [{"small": "https://rema-product-images.digital.rema1000.dk/260250/1-small-vVorEQJWP3.webp", "medium": "https://rema-product-images.digital.rema1000.dk/260250/1-medium-vVorEQJWP3.webp", "large": "https://rema-product-images.digital.rema1000.dk/260250/1-large-vVorEQJWP3.webp"}], "prices": [{"price": 29.95, "price_over_max_quantity": null, "max_quantity": null, "is_advertised": false, "is_campaign": false, "starting_at": "2023-09-28T00:00:00+00:00", "ending_at": "2099-12-31T00:00:00+00:00", "deposit": null, "compare_unit": "ltr", "compare_unit_price": 66.56, "consumption_unit": null, "consumption_quantity": null}], "temperature_zone": "frozen_18_degrees_celsius", "is_self_scale_item": false, "is_weight_item": false, "is_available_in_all_stores": true, "is_batch_item": false}
{"id": 260251, "name": "BROWNIE", "underline": "450 ML. / NATURLI`", "age_limit": null, "hazard_precaution_statements": [], "labels": [], "description": null, "info": "", "images": [{"small": "https://rema-product-images.digital.rema1000.dk/260251/1-small-v09gjQL0qA.webp", "medium": "https://rema-product-images.digital.rema1000.dk/260251/1-medium-v09gjQL0qA.webp", "large": "https://rema-product-images.digital.rema1000.dk/260251/1-large-v09gjQL0qA.webp"}], "prices": [{"price": 26.95, "price_over_max_quantity": null, "max_quantity": null, "is_advertised": false, "is_campaign": false, "starting_at": "2025-03-20T00:00:00+00:00", "ending_at": "2099-12-31T00:00:00+00:00", "deposit": null, "compare_unit": "ltr", "compare_unit_price": 59.89, "consumption_unit": null, "consumption_quantity": null}], "temperature_zone": "frozen_18_degrees_celsius", "is_self_scale_item": false, "is_weight_item": false, "is_available_in_all_stores": false, "is_batch_item": false}
{"id": 260256, "name": "HINDBÆR/LAKRIDS IS", "underline": "450 ML. / SPANGSBERG", "age_limit": null, "hazard_precaution_statements": [], "labels": [], "description": null, "info": "", "images": [{"small": "https://rema-product-images.digital.rema1000.dk/260256/1-small-18oXaweLqk.webp", "medium": "https://rema-product-images.digital.rema1000.dk/260256/1-medium-18oXaweLqk.webp", "large": "https://rema-product-images.digital.rema1000.dk/260256/1-large-18oXaweLqk.webp"}], "prices": [{"price": 34.95, "price_over_max_quantity": null, "max_quantity": null, "is_advertised": false, "is_campaign": false, "starting_at": "2024-12-16T00:00:00+00:00", "ending_at": "2099-12-31T00:00:00+00:00", "deposit": null, "compare_unit": "ltr", "compare_unit_price": 77.67, "consumption_unit": null, "consumption_quantity": null}], "temperature_zone": "frozen_18_degrees_celsius", "is_self_scale_item": false, "is_weight_item": false, "is_available_in_all_stores": true, "is_batch_item": false}
{"id": 260257, "name": "KLASSISK IS", "underline": "450 ML. / SPANGSBERG", "age_limit": null, "hazard_precaution_statements": [], "labels": [], "description": null, "info": "", "images": [{"small": "https://rema-product-images.digital.rema1000.dk/260257/1-small-wyPbz03ZPE.webp", "medium": "https://rema-product-images.digital.rema1000.dk/260257/1-medium-wyPbz03ZPE.webp", "large": "https://rema-product-images.digital.rema1000.dk/260257/1-large-wyPbz03ZPE.webp"}], "prices": [{"price": 34.95, "price_over_max_quantity": null, "max_quantity": null, "is_advertised": false, "is_campaign": false, "starting_at": "2024-12-16T00:00:00+00:00", "ending_at": "2099-12-31T00:00:00+00:00", "deposit": null, "compare_unit": "ltr", "compare_unit_price": 77.67, "consumption_unit": null, "consumption_quantity": null}], "temperature_zone": "frozen_18_degrees_celsius", "is_self_scale_item": false, "is_weight_item": false, "is_available_in_all_stores": true, "is_batch_item": false}
{"id": 260258, "name": "PANDA LAKRIDS IS", "underline": "450 ML. / ISMEJERIET THY", "age_limit": null, "hazard_precaution_statements": [], "labels": [], "description": null, "info": "", "images": [{"small": "https://rema-product-images.digital.rema1000.dk/260258/1-small-3MovjwZmoA.webp", "medium": "https://rema-product-images.digital.rema1000.dk/260258/1-medium-3MovjwZmoA.webp", "large": "https://rema-product-images.digital.rema1000.dk/260258/1-large-3MovjwZmoA.webp"}], "prices": [{"price": 34.95, "price_over_max_quantity": null, "max_quantity": null, "is_advertised": false, "is_campaign": false, "starting_at": "2025-03-13T00:00:00+00:00", "ending_at": "2099-12-31T00:00:00+00:00", "deposit": null, "compare_unit": "ltr", "compare_unit_price": 77.67, "consumption_unit": null, "consumption_quantity": null}], "temperature_zone": "frozen_18_degrees_celsius", "is_self_scale_item": false, "is_weight_item": false, "is_available_in_all_stores": true, "is_batch_item": false}
{"id": 260504, "name": "ISVAFLER", "underline": "348 ML. / EASIS", "age_limit": null, "hazard_precaution_statements": [], "labels": [{"id": 31, "name": "Ikke tilsat sukker", "image": "https://static-assets.digital.rema1000.dk/product/labels/31-64.webp"}], "description": null, "info": "", "images": [{"small": "https://rema-product-images.digital.rema1000.dk/260504/1-small-OJq5jann9p.webp", "medium": "https://rema-product-images.digital.rema1000.dk/260504/1-medium-OJq5jann9p.webp", "large": "https://rema-product-images.digital.rema1000.dk/260504/1-large-OJq5jann9p.webp"}], "prices": [{"price": 39.95, "price_over_max_quantity": null, "max_quantity": null, "is_advertised": false, "is_campaign": false, "starting_at": "2025-03-06T00:00:00+00:00", "ending_at": "2099-12-31T00:00:00+00:00", "deposit": null, "compare_unit": "ltr", "compare_unit_price": 114.8, "consumption_unit": null, "consumption_quantity": null}], "temperature_zone": "frozen_18_degrees_celsius", "is_self_scale_item": false, "is_weight_item": false, "is_available_in_all_stores": true, "is_batch_item": false}
{"id": 260516, "name": "VANILLA  IS", "underline": "750 ML. / EASIS", "age_limit": null, "hazard_precaution_statements": [], "labels": [{"id": 31, "name": "Ikke tilsat sukker", "image": "https://static-assets.digital.rema1000.dk/product/labels/31-64.webp"}], "description": null, "info": "", "images": [{"small": "https://rema-product-images.digital.rema1000.dk/260516/1-small-6xqArxvY9D.webp", "medium": "https://rema-product-images.digital.rema1000.dk/260516/1-medium-6xqArxvY9D.webp", "large": "https://rema-product-images.digital.rema1000.dk/260516/1-large-6xqArxvY9D.webp"}], "prices": [{"price": 37.95, "price_over_max_quantity": null, "max_quantity": null, "is_advertised": false, "is_campaign": false, "starting_at": "2023-12-14T00:00:00+00:00", "ending_at": "2099-12-31T00:00:00+00:00", "deposit": null, "compare_unit": "ltr", "compare_unit_price": 50.6, "consumption_unit": null, "consumption_quantity": null}], "temperature_zone": "frozen_18_degrees_celsius", "is_self_scale_item": false, "is_weight_item": false, "is_available_in_all_stores": true, "is_batch_item": false}
{"id": 26065, "name": "KOLDSKÅL", "underline": "1 LTR. / M/TYKMÆLK & JORDBÆR", "age_limit": null, "hazard_precaution_statements": [], "labels": [{"id": 201, "name": "Bedre dyrevelfærd 1", "image": "https://static-assets.digital.rema1000.dk/product/labels/201-64.webp"}], "description": null, "info": "", "images": [{"small": "https://rema-product-images.digital.rema1000.dk/26065/1-small-bJ9YXOZqL5.webp", "medium": "https://rema-product-images.digital.rema1000.dk/26065/1-medium-bJ9YXOZqL5.webp", "large": "https://rema-product-images.digital.rema1000.dk/26065/1-large-bJ9YXOZqL5.webp"}], "prices": [{"price": 24.95, "price_over_max_quantity": null, "max_quantity": null, "is_advertised": false, "is_campaign": false, "starting_at": "2025-01-30T00:00:00+00:00", "ending_at": "2099-12-31T00:00:00+00:00", "deposit": null, "compare_unit": "ltr", "compare_unit_price": 24.95, "consumption_unit": null, "consumption_quantity": null}], "temperature_zone": "refrigerated_5_degrees_celsius", "is_self_scale_item": false, "is_weight_item": false, "is_available_in_all_stores": false, "is_batch_item": false}
{"id": 26066, "name": "KLØVER KOLDSKÅL", "underline": "1 LTR. / MED TYKMÆLK & ÆG", "age_limit": null, "hazard_precaution_statements": [], "labels": [{"id": 201, "name": "Bedre dyrevelfærd 1", "image": "https://static-assets.digital.rema1000.dk/product/labels/201-64.webp"}], "description": null, "info": "", "images": [{"small": "https://rema-product-images.digital.rema1000.dk/26066/1-small-pyozGyMqXn.webp", "medium": "https://rema-product-images.digital.rema1000.dk/26066/1-medium-pyozGyMqXn.webp", "large": "https://rema-product-images.digital.rema1000.dk/26066/1-large-pyozGyMqXn.webp"}], "prices": [{"price": 19.95, "price_over_max_quantity": null, "max_quantity": null, "is_advertised": false, "is_campaign": false, "starting_at": "2025-01-30T00:00:00+00:00", "ending_at": "2099-12-31T00:00:00+00:00", "deposit": null, "compare_unit": "ltr", "compare_unit_price": 19.95, "consumption_unit": null, "consumption_quantity": null}], "temperature_zone": "refrigerated_5_degrees_celsius", "is_self_scale_item": false, "is_weight_item": false, "is_available_in_all_stores": true, "is_batch_item": false}
{"id": 26078, "name": "KOLDSKÅL A38 OG ÆG", "underline": "1 LTR. / CHEASY", "age_limit": null, "hazard_precaution_statements": [], "labels": [{"id": 37, "name": "Laktose fri", "image": "https://static-assets.digital.rema1000.dk/product/labels/37-64.webp"}], "description": null, "info": "", "images": [{"small": "https://rema-product-images.digital.rema1000.dk/26078/1-small-yLqGgD7qd4.webp", "medium": "https://rema-product-images.digital.rema1000.dk/26078/1-medium-yLqGgD7qd4.webp", "large": "https://rema-product-images.digital.rema1000.dk/26078/1-large-yLqGgD7qd4.webp"}], "prices": [{"price": 24.95, "price_over_max_quantity": null, "max_quantity": null, "is_advertised": false, "is_campaign": false, "starting_at": "2025-01-30T00:00:00+00:00", "ending_at": "2099-12-31T00:00:00+00:00", "deposit": null, "compare_unit": "ltr", "compare_unit_price": 24.95, "consumption_unit": null, "consumption_quantity": null}], "temperature_zone": "refrigerated_5_degrees_celsius", "is_self_scale_item": false, "is_weight_item": false, "is_available_in_all_stores": false, "is_batch_item": false}
{"id": 260961, "name": "ASTRONAUT IS", "underline": "300 ML. / PREMIER IS, WHITE COLA LEMON", "age_limit": null, "hazard_precaution_statements": [], "labels": [], "description": null, "info": "", "images": [{"small": "https://rema-product-images.digital.rema1000.dk/260961/1-small-Z8qp8pDJq3.webp", "medium": "https://rema-product-images.digital.rema1000.dk/260961/1-medium-Z8qp8pDJq3.webp", "large": "https://rema-product-images.digital.rema1000.dk/260961/1-large-Z8qp8pDJq3.webp"}], "prices": [{"price": 36.95, "price_over_max_quantity": null, "max_quantity": null, "is_advertised": false, "is_campaign": false, "starting_at": "2025-02-18T00:00:00+00:00", "ending_at": "2099-12-31T00:00:00+00:00", "deposit": null, "compare_unit": "ltr", "compare_unit_price": 123.17, "consumption_unit": null, "consumption_quantity": null}], "temperature_zone": "frozen_18_degrees_celsius", "is_self_scale_item": false, "is_weight_item": false, "is_available_in_all_stores": false, "is_batch_item": false}
{"id": 260983, "name": "MAGNUM ALMOND", "underline": "300 ML.", "age_limit": null, "hazard_precaution_statements": [], "labels": [{"id": 90, "name": "Rainforest Alliance certificeret", "image": "https://static-assets.digital.rema1000.dk/product/labels/90-64.webp"}], "description": null, "info": "", "images": [{"small": "https://rema-product-images.digital.rema1000.dk/260983/1-small-zOPlmlRWoR.webp", "medium": "https://rema-product-images.digital.rema1000.dk/260983/1-medium-zOPlmlRWoR.webp", "large": "https://rema-product-images.digital.rema1000.dk/260983/1-large-zOPlmlRWoR.webp"}], "prices": [{"price": 25, "price_over_max_quantity": null, "max_quantity": null, "is_advertised": false, "is_campaign": false, "starting_at": "2025-07-13T00:00:00+00:00", "ending_at": "2025-11-15T00:00:00+00:00", "deposit": null, "compare_unit": "ltr", "compare_unit_price": 83.33, "consumption_unit": null, "consumption_quantity": null}], "temperature_zone": "frozen_18_degrees_celsius", "is_self_scale_item": false, "is_weight_item": false, "is_available_in_all_stores": true, "is_batch_item": true}
{"id": 261080, "name": "SKILDPADDE IS", "underline": "750 ML. / PREMIER IS", "age_limit": null, "hazard_precaution_statements": [], "labels": [], "description": null, "info": "", "images": [{"small": "https://rema-product-images.digital.rema1000.dk/261080/1-small-7doL7wz2P6.webp", "medium": "https://rema-product-images.digital.rema1000.dk/261080/1-medium-7doL7wz2P6.webp", "large": "https://rema-product-images.digital.rema1000.dk/261080/1-large-7doL7wz2P6.webp"}], "prices": [{"price": 42.95, "price_over_max_quantity": null, "max_quantity": null, "is_advertised": false, "is_campaign": false, "starting_at": "2025-01-02T00:00:00+00:00", "ending_at": "2099-12-31T00:00:00+00:00", "deposit": null, "compare_unit": "ltr", "compare_unit_price": 57.27, "consumption_unit": null, "consumption_quantity": null}], "temperature_zone": "frozen_18_degrees_celsius", "is_self_scale_item": false, "is_weight_item": false, "is_available_in_all_stores": true, "is_batch_item": false}
{"id": 261088, "name": "KARAMELSYMFONI", "underline": "750 ML. / PREMIER IS", "age_limit": null, "hazard_precaution_statements": [], "labels": [], "description": null, "info": "", "images": [{"small": "https://rema-product-images.digital.rema1000.dk/261088/1-small-xePwRBaE9w.webp", "medium": "https://rema-product-images.digital.rema1000.dk/261088/1-medium-xePwRBaE9w.webp", "large": "https://rema-product-images.digital.rema1000.dk/261088/1-large-xePwRBaE9w.webp"}], "prices": [{"price": 42.95, "price_over_max_quantity": null, "max_quantity": null, "is_advertised": false, "is_campaign": false, "starting_at": "2025-02-18T00:00:00+00:00", "ending_at": "2099-12-31T00:00:00+00:00", "deposit": null, "compare_unit": "ltr", "compare_unit_price": 57.27, "consumption_unit": null, "consumption_quantity": null}], "temperature_zone": "frozen_18_degrees_celsius", "is_self_scale_item": false, "is_weight_item": false, "is_available_in_all_stores": false, "is_batch_item": false}
{"id": 261174, "name": "FLØDEIS JORDBÆR", "underline": "750 ML. / RØNBJERG", "age_limit": null, "hazard_precaution_statements": [], "labels": [{"id": 6, "name": "Økologi", "image": "https://static-assets.digital.rema1000.dk/product/labels/6-64.webp"}], "description": null, "info": "", "images": [{"small": "https://rema-product-images.digital.rema1000.dk/261174/1-small-869Dx6Ne9M.webp", "medium": "https://rema-product-images.digital.rema1000.dk/261174/1-medium-869Dx6Ne9M.webp", "large": "https://rema-product-images.digital.rema1000.dk/261174/1-large-869Dx6Ne9M.webp"}], "prices": [{"price": 39.95, "price_over_max_quantity": null, "max_quantity": null, "is_advertised": false, "is_campaign": false, "starting_at": "2025-01-02T00:00:00+00:00", "ending_at": "2025-09-13T00:00:00+00:00", "deposit": null, "compare_unit": "ltr", "compare_unit_price": 53.27, "consumption_unit": null, "consumption_quantity": null}], "temperature_zone": "frozen_18_degrees_celsius", "is_self_scale_item": false, "is_weight_item": false, "is_available_in_all_stores": true, "is_batch_item": false}
{"id": 261175, "name": "STRACCIATELLA FLØDEIS", "underline": "750 ML. / RØNBJERG", "age_limit": null, "hazard_precaution_statements": [], "labels": [{"id": 6, "name": "Økologi", "image": "https://static-assets.digital.rema1000.dk/product/labels/6-64.webp"}, {"id": 95, "name": "Rainforest Alliance", "image": "https://static-assets.digital.rema1000.dk/product/labels/95-64.webp"}], "description": null, "info": "", "images": [{"small": "https://rema-product-images.digital.rema1000.dk/261175/1-small-01q281eOP7.webp", "medium": "https://rema-product-images.digital.rema1000.dk/261175/1-medium-01q281eOP7.webp", "large": "https://rema-product-images.digital.rema1000.dk/261175/1-large-01q281eOP7.webp"}], "prices": [{"price": 39.95, "price_over_max_quantity": null, "max_quantity": null, "is_advertised": false, "is_campaign": false, "starting_at": "2025-01-02T00:00:00+00:00", "ending_at": "2025-09-13T00:00:00+00:00", "deposit": null, "compare_unit": "ltr", "compare_unit_price": 53.27, "consumption_unit": null, "consumption_quantity": null}], "temperature_zone": "frozen_18_degrees_celsius", "is_self_scale_item": false, "is_weight_item": false, "is_available_in_all_stores": true, "is_batch_item": false}
{"id": 261178, "name": "FLØDEIS HINDBÆR", "underline": "750 ML. / RØNBJERG", "age_limit": null, "hazard_precaution_statements": [], "labels": [{"id": 5, "name": "Økologi", "image": "https://static-assets.digital.rema1000.dk/product/labels/5-64.webp"}, {"id": 6, "name": "Økologi", "image": "https://static-assets.digital.rema1000.dk/product/labels/6-64.webp"}], "description": null, "info": "", "images": [{"small": "https://rema-product-images.digital.rema1000.dk/261178/1-small-yLqGYjn1Pd.webp", "medium": "https://rema-product-images.digital.rema1000.dk/261178/1-medium-yLqGYjn1Pd.webp", "large": "https://rema-product-images.digital.rema1000.dk/261178/1-large-yLqGYjn1Pd.webp"}], "prices": [{"price": 39.95, "price_over_max_quantity": null, "max_quantity": null, "is_advertised": false, "is_campaign": false, "starting_at": "2025-04-08T00:00:00+00:00", "ending_at": "2025-09-13T00:00:00+00:00", "deposit": null, "compare_unit": "ltr", "compare_unit_price": 53.27, "consumption_unit": null, "consumption_quantity": null}], "temperature_zone": "frozen_18_degrees_celsius", "is_self_scale_item": false, "is_weight_item": false, "is_available_in_all_stores": true, "is_batch_item": false}
{"id": 261180, "name": "JORDBÆRSTANG M/CHO.", "underline": "300 ML. / RØNBJERG", "age_limit": null, "hazard_precaution_statements": [], "labels": [{"id": 6, "name": "Økologi", "image": "https://static-assets.digital.rema1000.dk/product/labels/6-64.webp"}, {"id": 95, "name": "Rainforest Alliance", "image": "https://static-assets.digital.rema1000.dk/product/labels/95-64.webp"}], "description": null, "info": "", "images": [{"small": "https://rema-product-images.digital.rema1000.dk/261180/1-small-7doL7wgdP6.webp", "medium": "https://rema-product-images.digital.rema1000.dk/261180/1-medium-7doL7wgdP6.webp", "large": "https://rema-product-images.digital.rema1000.dk/261180/1-large-7doL7wgdP6.webp"}], "prices": [{"price": 34.95, "price_over_max_quantity": null, "max_quantity": null, "is_advertised": false, "is_campaign": false, "starting_at": "2025-01-02T00:00:00+00:00", "ending_at": "2099-12-31T00:00:00+00:00", "deposit": null, "compare_unit": "ltr", "compare_unit_price": 116.5, "consumption_unit": null, "consumption_quantity": null}], "temperature_zone": "frozen_18_degrees_celsius", "is_self_scale_item": false, "is_weight_item": false, "is_available_in_all_stores": false, "is_batch_item": false}
{"id": 261182, "name": "SOLSTANG", "underline": "420 ML. / RØNBJERG, ØKO", "age_limit": null, "hazard_precaution_statements": [], "labels": [{"id": 6, "name": "Økologi", "image": "https://static-assets.digital.rema1000.dk/product/labels/6-64.webp"}], "description": null, "info": "", "images": [{"small": "https://rema-product-images.digital.rema1000.dk/261182/1-small-MBoN7pKZqv.webp", "medium": "https://rema-product-images.digital.rema1000.dk/261182/1-medium-MBoN7pKZqv.webp", "large": "https://rema-product-images.digital.rema1000.dk/261182/1-large-MBoN7pKZqv.webp"}], "prices": [{"price": 29.95, "price_over_max_quantity": null, "max_quantity": null, "is_advertised": false, "is_campaign": false, "starting_at": "2025-03-21T00:00:00+00:00", "ending_at": "2025-09-13T00:00:00+00:00", "deposit": null, "compare_unit": "ltr", "compare_unit_price": 71.31, "consumption_unit": null, "consumption_quantity": null}], "temperature_zone": "frozen_18_degrees_celsius", "is_self_scale_item": false, "is_weight_item": false, "is_available_in_all_stores": true, "is_batch_item": false}
{"id": 261184, "name": "SOLBÆRDRØM", "underline": "300 ML. / RØNBJERG", "age_limit": null, "hazard_precaution_statements": [], "labels": [{"id": 6, "name": "Økologi", "image": "https://static-assets.digital.rema1000.dk/product/labels/6-64.webp"}, {"id": 95, "name": "Rainforest Alliance", "image": "https://static-assets.digital.rema1000.dk/product/labels/95-64.webp"}], "description": null, "info": "", "images": [{"small": "https://rema-product-images.digital.rema1000.dk/261184/1-small-rQqQ8pxvoe.webp", "medium": "https://rema-product-images.digital.rema1000.dk/261184/1-medium-rQqQ8pxvoe.webp", "large": "https://rema-product-images.digital.rema1000.dk/261184/1-large-rQqQ8pxvoe.webp"}], "prices": [{"price": 34.95, "price_over_max_quantity": null, "max_quantity": null, "is_advertised": false, "is_campaign": false, "starting_at": "2025-01-02T00:00:00+00:00", "ending_at": "2099-12-31T00:00:00+00:00", "deposit": null, "compare_unit": "ltr", "compare_unit_price": 116.5, "consumption_unit": null, "consumption_quantity": null}], "temperature_zone": "frozen_18_degrees_celsius", "is_self_scale_item": false, "is_weight_item": false, "is_available_in_all_stores": true, "is_batch_item": false}
{"id": 261186, "name": "BÆRSTANG 5 STK", "underline": "420 ML. / RØNBJERG", "age_limit": null, "hazard_precaution_statements": [], "labels": [{"id": 5, "name": "Økologi", "image": "https://static-assets.digital.rema1000.dk/product/labels/5-64.webp"}, {"id": 6, "name": "Økologi", "image": "https://static-assets.digital.rema1000.dk/product/labels/6-64.webp"}], "description": null, "info": "", "images": [{"small": "https://rema-product-images.digital.rema1000.dk/261186/1-small-A4Pyplxl9L.webp", "medium": "https://rema-product-images.digital.rema1000.dk/261186/1-medium-A4Pyplxl9L.webp", "large": "https://rema-product-images.digital.rema1000.dk/261186/1-large-A4Pyplxl9L.webp"}], "prices": [{"price": 29.95, "price_over_max_quantity": null, "max_quantity": null, "is_advertised": false, "is_campaign": false, "starting_at": "2025-04-08T00:00:00+00:00", "ending_at": "2025-09-13T00:00:00+00:00", "deposit": null, "compare_unit": "ltr", "compare_unit_price": 71.31, "consumption_unit": null, "consumption_quantity": null}], "temperature_zone": "frozen_18_degrees_celsius", "is_self_scale_item": false, "is_weight_item": false, "is_available_in_all_stores": true, "is_batch_item": false}
{"id": 261200, "name": "STRACCIATELLA IS", "underline": "750 ML. / BOLOGNA", "age_limit": null, "hazard_precaution_statements": [], "labels": [{"id": 2, "name": "REMA1000", "image": "https://static-assets.digital.rema1000.dk/product/labels/2-64.webp"}], "description": "Isen er produceret efter originale italienske opskrifter på en familieejet fabrik i byen Bologna i Italien. Isen er lavet af gode råvarer og efterfølgende fyldt i bægeret. Isen er nænsomt fyldt, hvilket sikrer en unik cremet konsistens, da isen smelter jævnt og langsomt.", "info": "", "images": [{"small": "https://rema-product-images.digital.rema1000.dk/261200/1-small-xePwRBOv9w.webp", "medium": "https://rema-product-images.digital.rema1000.dk/261200/1-medium-xePwRBOv9w.webp", "large": "https://rema-product-images.digital.rema1000.dk/261200/1-large-xePwRBOv9w.webp"}], "prices": [{"price": 37.95, "price_over_max_quantity": null, "max_quantity": null, "is_advertised": false, "is_campaign": false, "starting_at": "2023-10-05T00:00:00+00:00", "ending_at": "2099-12-31T00:00:00+00:00", "deposit": null, "compare_unit": "ltr", "compare_unit_price": 50.6, "consumption_unit": null, "consumption_quantity": null}], "temperature_zone": "frozen_18_degrees_celsius", "is_self_scale_item": false, "is_weight_item": false, "is_available_in_all_stores": true, "is_batch_item": false}
{"id": 261202, "name": "PANNA CON FRAGOLE IS", "underline": "750 ML. / BOLOGNA", "age_limit": null, "hazard_precaution_statements": [], "labels": [{"id": 2, "name": "REMA1000", "image": "https://static-assets.digital.rema1000.dk/product/labels/2-64.webp"}], "description": "Isen er produceret efter originale italienske opskrifter på en familieejet fabrik i byen Bologna i Italien. Isen er lavet af gode råvarer og efterfølgende fyldt i bægeret. Isen er nænsomt fyldt, hvilket sikrer en unik cremet konsistens, da isen smelter jævnt og langsomt.", "info": "", "images": [{"small": "https://rema-product-images.digital.rema1000.dk/261202/1-small-kAon2M4jox.webp", "medium": "https://rema-product-images.digital.rema1000.dk/261202/1-medium-kAon2M4jox.webp", "large": "https://rema-product-images.digital.rema1000.dk/261202/1-large-kAon2M4jox.webp"}], "prices": [{"price": 37.95, "price_over_max_quantity": null, "max_quantity": null, "is_advertised": false, "is_campaign": false, "starting_at": "2023-10-05T00:00:00+00:00", "ending_at": "2099-12-31T00:00:00+00:00", "deposit": null, "compare_unit": "ltr", "compare_unit_price": 50.6, "consumption_unit": null, "consumption_quantity": null}], "temperature_zone": "frozen_18_degrees_celsius", "is_self_scale_item": false, "is_weight_item": false, "is_available_in_all_stores": false, "is_batch_item": false}
{"id": 261207, "name": "PISTACCHIO IS", "underline": "750 ML. / BOLOGNA", "age_limit": null, "hazard_precaution_statements": [], "labels": [{"id": 2, "name": "REMA1000", "image": "https://static-assets.digital.rema1000.dk/product/labels/2-64.webp"}], "description": "Isen er produceret efter originale italienske opskrifter på en familieejet fabrik i byen Bologna i Italien. Isen er lavet af gode råvarer og efterfølgende fyldt i bægeret. Isen er nænsomt fyldt, hvilket sikrer en unik cremet konsistens, da isen smelter jævnt og langsomt.", "info": "", "images": [{"small": "https://rema-product-images.digital.rema1000.dk/261207/1-small-v09gjQVnqA.webp", "medium": "https://rema-product-images.digital.rema1000.dk/261207/1-medium-v09gjQVnqA.webp", "large": "https://rema-product-images.digital.rema1000.dk/261207/1-large-v09gjQVnqA.webp"}], "prices": [{"price": 37.95, "price_over_max_quantity": null, "max_quantity": null, "is_advertised": false, "is_campaign": false, "starting_at": "2023-10-05T00:00:00+00:00", "ending_at": "2099-12-31T00:00:00+00:00", "deposit": null, "compare_unit": "ltr", "compare_unit_price": 50.6, "consumption_unit": null, "consumption_quantity": null}], "temperature_zone": "frozen_18_degrees_celsius", "is_self_scale_item": false, "is_weight_item": false, "is_available_in_all_stores": false, "is_batch_item": false}
{"id": 261208, "name": "VANIGLIA IS", "underline": "750 ML. / BOLOGNA", "age_limit": null, "hazard_precaution_statements": [], "labels": [{"id": 2, "name": "REMA1000", "image": "https://static-assets.digital.rema1000.dk/product/labels/2-64.webp"}], "description": "Isen er produceret efter originale italienske opskrifter på en familieejet fabrik i byen Bologna i Italien. Isen er lavet af gode råvarer og efterfølgende fyldt i bægeret. Isen er nænsomt fyldt, hvilket sikrer en unik cremet konsistens, da isen smelter jævnt og langsomt.<br />", "info": "", "images": [{"small": "https://rema-product-images.digital.rema1000.dk/261208/1-small-NpP7bOM59O.webp", "medium": "https://rema-product-images.digital.rema1000.dk/261208/1-medium-NpP7bOM59O.webp", "large": "https://rema-product-images.digital.rema1000.dk/261208/1-large-NpP7bOM59O.webp"}], "prices": [{"price": 37.95, "price_over_max_quantity": null, "max_quantity": null, "is_advertised": false, "is_campaign": false, "starting_at": "2023-10-05T00:00:00+00:00", "ending_at": "2099-12-31T00:00:00+00:00", "deposit": null, "compare_unit": "ltr", "compare_unit_price": 50.6, "consumption_unit": null, "consumption_quantity": null}], "temperature_zone": "frozen_18_degrees_celsius", "is_self_scale_item": false, "is_weight_item": false, "is_available_in_all_stores": true, "is_batch_item": false}
{"id": 261209, "name": "CIOCCOLATO IS", "underline": "750 ML. / BOLOGNA", "age_limit": null, "hazard_precaution_statements": [], "labels": [{"id": 2, "name": "REMA1000", "image": "https://static-assets.digital.rema1000.dk/product/labels/2-64.webp"}], "description": "Isen er produceret efter originale italienske opskrifter på en familieejet fabrik i byen Bologna i Italien. Isen er lavet af gode råvarer og efterfølgende fyldt i bægeret. Isen er nænsomt fyldt, hvilket sikrer en unik cremet konsistens, da isen smelter jævnt og langsomt.", "info": "", "images": [{"small": "https://rema-product-images.digital.rema1000.dk/261209/1-small-aboK7MZzop.webp", "medium": "https://rema-product-images.digital.rema1000.dk/261209/1-medium-aboK7MZzop.webp", "large": "https://rema-product-images.digital.rema1000.dk/261209/1-large-aboK7MZzop.webp"}], "prices": [{"price": 37.95, "price_over_max_quantity": null, "max_quantity": null, "is_advertised": false, "is_campaign": false, "starting_at": "2023-10-05T00:00:00+00:00", "ending_at": "2099-12-31T00:00:00+00:00", "deposit": null, "compare_unit": "ltr", "compare_unit_price": 50.6, "consumption_unit": null, "consumption_quantity": null}], "temperature_zone": "frozen_18_degrees_celsius", "is_self_scale_item": false, "is_weight_item": false, "is_available_in_all_stores": true, "is_batch_item": false}
{"id": 261214, "name": "CARAMELLO", "underline": "750 ML. / BOLOGNA", "age_limit": null, "hazard_precaution_statements": [], "labels": [{"id": 2, "name": "REMA1000", "image": "https://static-assets.digital.rema1000.dk/product/labels/2-64.webp"}], "description": "Isen er produceret efter originale italienske opskrifter på en familieejet fabrik i byen Bologna i Italien. Isen er lavet af gode råvarer og efterfølgende fyldt i bægeret. Isen er nænsomt fyldt, hvilket sikrer en unik cremet konsistens, da isen smelter jævnt og langsomt.", "info": "", "images": [{"small": "https://rema-product-images.digital.rema1000.dk/261214/1-small-3Movjw3koA.webp", "medium": "https://rema-product-images.digital.rema1000.dk/261214/1-medium-3Movjw3koA.webp", "large": "https://rema-product-images.digital.rema1000.dk/261214/1-large-3Movjw3koA.webp"}], "prices": [{"price": 37.95, "price_over_max_quantity": null, "max_quantity": null, "is_advertised": false, "is_campaign": false, "starting_at": "2023-10-23T00:00:00+00:00", "ending_at": "2099-12-31T00:00:00+00:00", "deposit": null, "compare_unit": "ltr", "compare_unit_price": 50.6, "consumption_unit": null, "consumption_quantity": null}], "temperature_zone": "frozen_18_degrees_celsius", "is_self_scale_item": false, "is_weight_item": false, "is_available_in_all_stores": true, "is_batch_item": false}
{"id": 261230, "name": "CIOCK MENTA", "underline": "750 ML. / BOLOGNA", "age_limit": null, "hazard_precaution_statements": [], "labels": [{"id": 2, "name": "REMA1000", "image": "https://static-assets.digital.rema1000.dk/product/labels/2-64.webp"}], "description": "Isen er produceret efter originale italienske opskrifter på en familieejet fabrik i byen Bologna i Italien. Isen er lavet af gode råvarer og efterfølgende fyldt i bægeret. Isen er nænsomt fyldt, hvilket sikrer en unik cremet konsistens, da isen smelter jævnt og langsomt.", "info": "", "images": [{"small": "https://rema-product-images.digital.rema1000.dk/261230/1-small-869Dx6G69M.webp", "medium": "https://rema-product-images.digital.rema1000.dk/261230/1-medium-869Dx6G69M.webp", "large": "https://rema-product-images.digital.rema1000.dk/261230/1-large-869Dx6G69M.webp"}], "prices": [{"price": 37.95, "price_over_max_quantity": null, "max_quantity": null, "is_advertised": false, "is_campaign": false, "starting_at": "2023-10-05T00:00:00+00:00", "ending_at": "2099-12-31T00:00:00+00:00", "deposit": null, "compare_unit": "ltr", "compare_unit_price": 50.6, "consumption_unit": null, "consumption_quantity": null}], "temperature_zone": "frozen_18_degrees_celsius", "is_self_scale_item": false, "is_weight_item": false, "is_available_in_all_stores": true, "is_batch_item": false}
{"id": 261293, "name": "COOL BROWNIE IS", "underline": "450 ML. / REMA 1000", "age_limit": null, "hazard_precaution_statements": [], "labels": [{"id": 2, "name": "REMA1000", "image": "https://static-assets.digital.rema1000.dk/product/labels/2-64.webp"}, {"id": 90, "name": "Rainforest Alliance certificeret", "image": "https://static-assets.digital.rema1000.dk/product/labels/90-64.webp"}], "description": null, "info": "", "images": [{"small": "https://rema-product-images.digital.rema1000.dk/261293/1-small-xQq8VYBQPZ.webp", "medium": "https://rema-product-images.digital.rema1000.dk/261293/1-medium-xQq8VYBQPZ.webp", "large": "https://rema-product-images.digital.rema1000.dk/261293/1-large-xQq8VYBQPZ.webp"}], "prices": [{"price": 29.95, "price_over_max_quantity": null, "max_quantity": null, "is_advertised": false, "is_campaign": false, "starting_at": "2024-06-21T00:00:00+00:00", "ending_at": "2025-08-23T00:00:00+00:00", "deposit": null, "compare_unit": "ltr", "compare_unit_price": 66.56, "consumption_unit": null, "consumption_quantity": null}], "temperature_zone": "frozen_18_degrees_celsius", "is_self_scale_item": false, "is_weight_item": false, "is_available_in_all_stores": false, "is_batch_item": false}
{"id": 261294, "name": "CREAMY COOKIE DOUGH IS", "underline": "450 ML. / REMA 1000", "age_limit": null, "hazard_precaution_statements": [], "labels": [{"id": 2, "name": "REMA1000", "image": "https://static-assets.digital.rema1000.dk/product/labels/2-64.webp"}, {"id": 90, "name": "Rainforest Alliance certificeret", "image": "https://static-assets.digital.rema1000.dk/product/labels/90-64.webp"}], "description": null, "info": "", "images": [{"small": "https://rema-product-images.digital.rema1000.dk/261294/1-small-vVorEQp7P3.webp", "medium": "https://rema-product-images.digital.rema1000.dk/261294/1-medium-vVorEQp7P3.webp", "large": "https://rema-product-images.digital.rema1000.dk/261294/1-large-vVorEQp7P3.webp"}], "prices": [{"price": 29.95, "price_over_max_quantity": null, "max_quantity": null, "is_advertised": false, "is_campaign": false, "starting_at": "2024-06-21T00:00:00+00:00", "ending_at": "2025-08-23T00:00:00+00:00", "deposit": null, "compare_unit": "ltr", "compare_unit_price": 66.56, "consumption_unit": null, "consumption_quantity": null}], "temperature_zone": "frozen_18_degrees_celsius", "is_self_scale_item": false, "is_weight_item": false, "is_available_in_all_stores": true, "is_batch_item": false}
{"id": 261295, "name": "CHOC’N CARAMEL IS", "underline": "450 ML. / REMA 1000", "age_limit": null, "hazard_precaution_statements": [], "labels": [{"id": 2, "name": "REMA1000", "image": "https://static-assets.digital.rema1000.dk/product/labels/2-64.webp"}], "description": null, "info": "", "images": [{"small": "https://rema-product-images.digital.rema1000.dk/261295/1-small-v09gjQrnqA.webp", "medium": "https://rema-product-images.digital.rema1000.dk/261295/1-medium-v09gjQrnqA.webp", "large": "https://rema-product-images.digital.rema1000.dk/261295/1-large-v09gjQrnqA.webp"}], "prices": [{"price": 29.95, "price_over_max_quantity": null, "max_quantity": null, "is_advertised": false, "is_campaign": false, "starting_at": "2024-06-21T00:00:00+00:00", "ending_at": "2025-08-23T00:00:00+00:00", "deposit": null, "compare_unit": "ltr", "compare_unit_price": 66.56, "consumption_unit": null, "consumption_quantity": null}], "temperature_zone": "frozen_18_degrees_celsius", "is_self_scale_item": false, "is_weight_item": false, "is_available_in_all_stores": true, "is_batch_item": false}
{"id": 261554, "name": "ISVAFFEL", "underline": "140 ML. / DANSKE KLASSIKERE", "age_limit": null, "hazard_precaution_statements": [], "labels": [{"id": 2, "name": "REMA1000", "image": "https://static-assets.digital.rema1000.dk/product/labels/2-64.webp"}, {"id": 95, "name": "Rainforest Alliance", "image": "https://static-assets.digital.rema1000.dk/product/labels/95-64.webp"}], "description": null, "info": "", "images": [{"small": "https://rema-product-images.digital.rema1000.dk/261554/1-small-Al90jjzBo8.webp", "medium": "https://rema-product-images.digital.rema1000.dk/261554/1-medium-Al90jjzBo8.webp", "large": "https://rema-product-images.digital.rema1000.dk/261554/1-large-Al90jjzBo8.webp"}], "prices": [{"price": 10, "price_over_max_quantity": null, "max_quantity": null, "is_advertised": false, "is_campaign": false, "starting_at": "2024-02-08T00:00:00+00:00", "ending_at": "2099-12-31T00:00:00+00:00", "deposit": null, "compare_unit": "ltr", "compare_unit_price": 71.43, "consumption_unit": null, "consumption_quantity": null}], "temperature_zone": "frozen_18_degrees_celsius", "is_self_scale_item": false, "is_weight_item": false, "is_available_in_all_stores": true, "is_batch_item": false}
{"id": 261559, "name": "HVID LIMONADEIS", "underline": "80 ML. / DANSKE KLASSIKERE", "age_limit": null, "hazard_precaution_statements": [], "labels": [{"id": 2, "name": "REMA1000", "image": "https://static-assets.digital.rema1000.dk/product/labels/2-64.webp"}, {"id": 95, "name": "Rainforest Alliance", "image": "https://static-assets.digital.rema1000.dk/product/labels/95-64.webp"}], "description": "En forfriskende klassiker i sommervarmen. Læskende, hvid limonadeis pyntet med mørk på toppen.", "info": "", "images": [{"small": "https://rema-product-images.digital.rema1000.dk/261559/1-small-KpqRXXB1PL.webp", "medium": "https://rema-product-images.digital.rema1000.dk/261559/1-medium-KpqRXXB1PL.webp", "large": "https://rema-product-images.digital.rema1000.dk/261559/1-large-KpqRXXB1PL.webp"}], "prices": [{"price": 5, "price_over_max_quantity": null, "max_quantity": null, "is_advertised": false, "is_campaign": false, "starting_at": "2023-01-26T00:00:00+00:00", "ending_at": "2099-12-31T00:00:00+00:00", "deposit": null, "compare_unit": "ltr", "compare_unit_price": 62.5, "consumption_unit": null, "consumption_quantity": null}], "temperature_zone": "frozen_18_degrees_celsius", "is_self_scale_item": false, "is_weight_item": false, "is_available_in_all_stores": true, "is_batch_item": false}
{"id": 261560, "name": "GRØN LIMONADEIS", "underline": "80 ML. / DANSKE  KLASSIKERE", "age_limit": null, "hazard_precaution_statements": [], "labels": [{"id": 2, "name": "REMA1000", "image": "https://static-assets.digital.rema1000.dk/product/labels/2-64.webp"}, {"id": 95, "name": "Rainforest Alliance", "image": "https://static-assets.digital.rema1000.dk/product/labels/95-64.webp"}], "description": "En forfriskende klassiker i sommervarmen. Læskende, grøn limonadeis pyntet med mørk på toppen.", "info": "", "images": [{"small": "https://rema-product-images.digital.rema1000.dk/261560/1-small-6xqArr8v9D.webp", "medium": "https://rema-product-images.digital.rema1000.dk/261560/1-medium-6xqArr8v9D.webp", "large": "https://rema-product-images.digital.rema1000.dk/261560/1-large-6xqArr8v9D.webp"}], "prices": [{"price": 5, "price_over_max_quantity": null, "max_quantity": null, "is_advertised": false, "is_campaign": false, "starting_at": "2023-01-26T00:00:00+00:00", "ending_at": "2099-12-31T00:00:00+00:00", "deposit": null, "compare_unit": "ltr", "compare_unit_price": 62.5, "consumption_unit": null, "consumption_quantity": null}], "temperature_zone": "frozen_18_degrees_celsius", "is_self_scale_item": false, "is_weight_item": false, "is_available_in_all_stores": true, "is_batch_item": false}
{"id": 261564, "name": "LAKRIDS IS", "underline": "97 ML. / DANSKE KLASSIKERE", "age_limit": null, "hazard_precaution_statements": [], "labels": [{"id": 2, "name": "REMA1000", "image": "https://static-assets.digital.rema1000.dk/product/labels/2-64.webp"}], "description": "Cremet vaniljeflødeis med en kerne af lækker, flydende salmiaklakrids. Overtrukket med lakrids og små sprøde lakridsstykker.", "info": "", "images": [{"small": "https://rema-product-images.digital.rema1000.dk/261564/1-small-AKqexxQRop.webp", "medium": "https://rema-product-images.digital.rema1000.dk/261564/1-medium-AKqexxQRop.webp", "large": "https://rema-product-images.digital.rema1000.dk/261564/1-large-AKqexxQRop.webp"}], "prices": [{"price": 8, "price_over_max_quantity": null, "max_quantity": null, "is_advertised": false, "is_campaign": false, "starting_at": "2023-01-13T00:00:00+00:00", "ending_at": "2099-12-31T00:00:00+00:00", "deposit": null, "compare_unit": "ltr", "compare_unit_price": 82.47, "consumption_unit": null, "consumption_quantity": null}], "temperature_zone": "frozen_18_degrees_celsius", "is_self_scale_item": false, "is_weight_item": false, "is_available_in_all_stores": true, "is_batch_item": false}
{"id": 261565, "name": "ISVAFFEL M/FLØDEBOLLE", "underline": "160 ML. / DANSKE KLASIKKERE", "age_limit": null, "hazard_precaution_statements": [], "labels": [{"id": 2, "name": "REMA1000", "image": "https://static-assets.digital.rema1000.dk/product/labels/2-64.webp"}, {"id": 95, "name": "Rainforest Alliance", "image": "https://static-assets.digital.rema1000.dk/product/labels/95-64.webp"}], "description": null, "info": "", "images": [{"small": "https://rema-product-images.digital.rema1000.dk/261565/1-small-bJ9Yzz7APL.webp", "medium": "https://rema-product-images.digital.rema1000.dk/261565/1-medium-bJ9Yzz7APL.webp", "large": "https://rema-product-images.digital.rema1000.dk/261565/1-large-bJ9Yzz7APL.webp"}], "prices": [{"price": 10, "price_over_max_quantity": null, "max_quantity": null, "is_advertised": false, "is_campaign": false, "starting_at": "2024-03-04T00:00:00+00:00", "ending_at": "2099-12-31T00:00:00+00:00", "deposit": null, "compare_unit": "ltr", "compare_unit_price": 62.5, "consumption_unit": null, "consumption_quantity": null}], "temperature_zone": "frozen_18_degrees_celsius", "is_self_scale_item": false, "is_weight_item": false, "is_available_in_all_stores": true, "is_batch_item": false}
{"id": 261567, "name": "SOMMERHIT", "underline": "83 ML. / DANSKE KLASSIKERE", "age_limit": null, "hazard_precaution_statements": [], "labels": [{"id": 2, "name": "REMA1000", "image": "https://static-assets.digital.rema1000.dk/product/labels/2-64.webp"}], "description": null, "info": "", "images": [{"small": "https://rema-product-images.digital.rema1000.dk/261567/1-small-MNqZaaKBoA.webp", "medium": "https://rema-product-images.digital.rema1000.dk/261567/1-medium-MNqZaaKBoA.webp", "large": "https://rema-product-images.digital.rema1000.dk/261567/1-large-MNqZaaKBoA.webp"}], "prices": [{"price": 5, "price_over_max_quantity": null, "max_quantity": null, "is_advertised": false, "is_campaign": false, "starting_at": "2023-01-26T00:00:00+00:00", "ending_at": "2099-12-31T00:00:00+00:00", "deposit": null, "compare_unit": "ltr", "compare_unit_price": 60.24, "consumption_unit": null, "consumption_quantity": null}], "temperature_zone": "frozen_18_degrees_celsius", "is_self_scale_item": false, "is_weight_item": false, "is_available_in_all_stores": true, "is_batch_item": false}
{"id": 262062, "name": "MINI MIX", "underline": "330 ML. / REMA 1000", "age_limit": null, "hazard_precaution_statements": [], "labels": [{"id": 2, "name": "REMA1000", "image": "https://static-assets.digital.rema1000.dk/product/labels/2-64.webp"}, {"id": 90, "name": "Rainforest Alliance certificeret", "image": "https://static-assets.digital.rema1000.dk/product/labels/90-64.webp"}], "description": null, "info": "", "images": [{"small": "https://rema-product-images.digital.rema1000.dk/262062/1-small-2B94ggnlqk.webp", "medium": "https://rema-product-images.digital.rema1000.dk/262062/1-medium-2B94ggnlqk.webp", "large": "https://rema-product-images.digital.rema1000.dk/262062/1-large-2B94ggnlqk.webp"}], "prices": [{"price": 26.95, "price_over_max_quantity": null, "max_quantity": null, "is_advertised": false, "is_campaign": false, "starting_at": "2025-01-02T00:00:00+00:00", "ending_at": "2099-12-31T00:00:00+00:00", "deposit": null, "compare_unit": "ltr", "compare_unit_price": 81.67, "consumption_unit": null, "consumption_quantity": null}], "temperature_zone": "frozen_18_degrees_celsius", "is_self_scale_item": false, "is_weight_item": false, "is_available_in_all_stores": true, "is_batch_item": false}
{"id": 262063, "name": "KARAMEL KNAS", "underline": "400 ML. / REMA 1000", "age_limit": null, "hazard_precaution_statements": [], "labels": [{"id": 2, "name": "REMA1000", "image": "https://static-assets.digital.rema1000.dk/product/labels/2-64.webp"}, {"id": 90, "name": "Rainforest Alliance certificeret", "image": "https://static-assets.digital.rema1000.dk/product/labels/90-64.webp"}], "description": null, "info": "", "images": [{"small": "https://rema-product-images.digital.rema1000.dk/262063/1-small-rDq6335z9b.webp", "medium": "https://rema-product-images.digital.rema1000.dk/262063/1-medium-rDq6335z9b.webp", "large": "https://rema-product-images.digital.rema1000.dk/262063/1-large-rDq6335z9b.webp"}], "prices": [{"price": 29.95, "price_over_max_quantity": null, "max_quantity": null, "is_advertised": false, "is_campaign": false, "starting_at": "2025-01-02T00:00:00+00:00", "ending_at": "2099-12-31T00:00:00+00:00", "deposit": null, "compare_unit": "ltr", "compare_unit_price": 74.88, "consumption_unit": null, "consumption_quantity": null}], "temperature_zone": "frozen_18_degrees_celsius", "is_self_scale_item": false, "is_weight_item": false, "is_available_in_all_stores": true, "is_batch_item": false}
{"id": 262064, "name": "SOLBÆRPIND, VANILJE IS", "underline": "400 ML. / REMA 1000", "age_limit": null, "hazard_precaution_statements": [], "labels": [{"id": 2, "name": "REMA1000", "image": "https://static-assets.digital.rema1000.dk/product/labels/2-64.webp"}], "description": null, "info": "", "images": [{"small": "https://rema-product-images.digital.rema1000.dk/262064/1-small-AKqexx2jop.webp", "medium": "https://rema-product-images.digital.rema1000.dk/262064/1-medium-AKqexx2jop.webp", "large": "https://rema-product-images.digital.rema1000.dk/262064/1-large-AKqexx2jop.webp"}], "prices": [{"price": 28.95, "price_over_max_quantity": null, "max_quantity": null, "is_advertised": false, "is_campaign": false, "starting_at": "2025-01-02T00:00:00+00:00", "ending_at": "2099-12-31T00:00:00+00:00", "deposit": null, "compare_unit": "ltr", "compare_unit_price": 72.38, "consumption_unit": null, "consumption_quantity": null}], "temperature_zone": "frozen_18_degrees_celsius", "is_self_scale_item": false, "is_weight_item": false, "is_available_in_all_stores": true, "is_batch_item": false}
{"id": 262065, "name": "LAKRIDS IS 4 STK", "underline": "400 ML. / REMA 1000", "age_limit": null, "hazard_precaution_statements": [], "labels": [{"id": 2, "name": "REMA1000", "image": "https://static-assets.digital.rema1000.dk/product/labels/2-64.webp"}], "description": null, "info": "", "images": [{"small": "https://rema-product-images.digital.rema1000.dk/262065/1-small-bJ9YzzQaPL.webp", "medium": "https://rema-product-images.digital.rema1000.dk/262065/1-medium-bJ9YzzQaPL.webp", "large": "https://rema-product-images.digital.rema1000.dk/262065/1-large-bJ9YzzQaPL.webp"}], "prices": [{"price": 26.95, "price_over_max_quantity": null, "max_quantity": null, "is_advertised": false, "is_campaign": false, "starting_at": "2024-04-11T00:00:00+00:00", "ending_at": "2099-12-31T00:00:00+00:00", "deposit": null, "compare_unit": "ltr", "compare_unit_price": 67.38, "consumption_unit": null, "consumption_quantity": null}], "temperature_zone": "frozen_18_degrees_celsius", "is_self_scale_item": false, "is_weight_item": false, "is_available_in_all_stores": true, "is_batch_item": false}
{"id": 262070, "name": "SANDWICH IS", "underline": "440 ML. / REMA 1000", "age_limit": null, "hazard_precaution_statements": [], "labels": [{"id": 2, "name": "REMA1000", "image": "https://static-assets.digital.rema1000.dk/product/labels/2-64.webp"}, {"id": 90, "name": "Rainforest Alliance certificeret", "image": "https://static-assets.digital.rema1000.dk/product/labels/90-64.webp"}], "description": null, "info": "", "images": [{"small": "https://rema-product-images.digital.rema1000.dk/262070/1-small-kOq3WW0nq6.webp", "medium": "https://rema-product-images.digital.rema1000.dk/262070/1-medium-kOq3WW0nq6.webp", "large": "https://rema-product-images.digital.rema1000.dk/262070/1-large-kOq3WW0nq6.webp"}], "prices": [{"price": 25.95, "price_over_max_quantity": null, "max_quantity": null, "is_advertised": false, "is_campaign": false, "starting_at": "2024-02-09T00:00:00+00:00", "ending_at": "2099-12-31T00:00:00+00:00", "deposit": null, "compare_unit": "ltr", "compare_unit_price": 58.98, "consumption_unit": null, "consumption_quantity": null}], "temperature_zone": "frozen_18_degrees_celsius", "is_self_scale_item": false, "is_weight_item": false, "is_available_in_all_stores": true, "is_batch_item": false}
{"id": 262072, "name": "ISBÅDE", "underline": "520 ML. / REMA 1000", "age_limit": null, "hazard_precaution_statements": [], "labels": [{"id": 2, "name": "REMA1000", "image": "https://static-assets.digital.rema1000.dk/product/labels/2-64.webp"}, {"id": 90, "name": "Rainforest Alliance certificeret", "image": "https://static-assets.digital.rema1000.dk/product/labels/90-64.webp"}], "description": null, "info": "", "images": [{"small": "https://rema-product-images.digital.rema1000.dk/262072/1-small-xyqaKK2xPD.webp", "medium": "https://rema-product-images.digital.rema1000.dk/262072/1-medium-xyqaKK2xPD.webp", "large": "https://rema-product-images.digital.rema1000.dk/262072/1-large-xyqaKK2xPD.webp"}], "prices": [{"price": 26.95, "price_over_max_quantity": null, "max_quantity": null, "is_advertised": false, "is_campaign": false, "starting_at": "2025-01-02T00:00:00+00:00", "ending_at": "2099-12-31T00:00:00+00:00", "deposit": null, "compare_unit": "ltr", "compare_unit_price": 51.83, "consumption_unit": null, "consumption_quantity": null}], "temperature_zone": "frozen_18_degrees_celsius", "is_self_scale_item": false, "is_weight_item": false, "is_available_in_all_stores": true, "is_batch_item": false}
{"id": 262073, "name": "PEANUT KARAMEL ISBAR", "underline": "212 ML. / REMA 1000", "age_limit": null, "hazard_precaution_statements": [], "labels": [{"id": 2, "name": "REMA1000", "image": "https://static-assets.digital.rema1000.dk/product/labels/2-64.webp"}, {"id": 90, "name": "Rainforest Alliance certificeret", "image": "https://static-assets.digital.rema1000.dk/product/labels/90-64.webp"}], "description": null, "info": "", "images": [{"small": "https://rema-product-images.digital.rema1000.dk/262073/1-small-pYqxKKRJo1.webp", "medium": "https://rema-product-images.digital.rema1000.dk/262073/1-medium-pYqxKKRJo1.webp", "large": "https://rema-product-images.digital.rema1000.dk/262073/1-large-pYqxKKRJo1.webp"}], "prices": [{"price": 25.95, "price_over_max_quantity": null, "max_quantity": null, "is_advertised": false, "is_campaign": false, "starting_at": "2025-01-24T00:00:00+00:00", "ending_at": "2099-12-31T00:00:00+00:00", "deposit": null, "compare_unit": "ltr", "compare_unit_price": 122.41, "consumption_unit": null, "consumption_quantity": null}], "temperature_zone": "frozen_18_degrees_celsius", "is_self_scale_item": false, "is_weight_item": false, "is_available_in_all_stores": true, "is_batch_item": false}
{"id": 262074, "name": "KARAMEL ISBAR", "underline": "204 ML. / REMA 1000", "age_limit": null, "hazard_precaution_statements": [], "labels": [{"id": 2, "name": "REMA1000", "image": "https://static-assets.digital.rema1000.dk/product/labels/2-64.webp"}, {"id": 90, "name": "Rainforest Alliance certificeret", "image": "https://static-assets.digital.rema1000.dk/product/labels/90-64.webp"}], "description": null, "info": "", "images": [{"small": "https://rema-product-images.digital.rema1000.dk/262074/1-small-869DxxV39M.webp", "medium": "https://rema-product-images.digital.rema1000.dk/262074/1-medium-869DxxV39M.webp", "large": "https://rema-product-images.digital.rema1000.dk/262074/1-large-869DxxV39M.webp"}], "prices": [{"price": 25.95, "price_over_max_quantity": null, "max_quantity": null, "is_advertised": false, "is_campaign": false, "starting_at": "2025-01-24T00:00:00+00:00", "ending_at": "2099-12-31T00:00:00+00:00", "deposit": null, "compare_unit": "ltr", "compare_unit_price": 127.21, "consumption_unit": null, "consumption_quantity": null}], "temperature_zone": "frozen_18_degrees_celsius", "is_self_scale_item": false, "is_weight_item": false, "is_available_in_all_stores": true, "is_batch_item": false}
{"id": 262230, "name": "ISVAFLER 4 STK", "underline": "440 ML. / REMA 1000", "age_limit": null, "hazard_precaution_statements": [], "labels": [{"id": 2, "name": "REMA1000", "image": "https://static-assets.digital.rema1000.dk/product/labels/2-64.webp"}, {"id": 90, "name": "Rainforest Alliance certificeret", "image": "https://static-assets.digital.rema1000.dk/product/labels/90-64.webp"}], "description": null, "info": "", "images": [{"small": "https://rema-product-images.digital.rema1000.dk/262230/1-small-869DxxZe9M.webp", "medium": "https://rema-product-images.digital.rema1000.dk/262230/1-medium-869DxxZe9M.webp", "large": "https://rema-product-images.digital.rema1000.dk/262230/1-large-869DxxZe9M.webp"}], "prices": [{"price": 18.25, "price_over_max_quantity": null, "max_quantity": null, "is_advertised": false, "is_campaign": false, "starting_at": "2024-03-19T00:00:00+00:00", "ending_at": "2099-12-31T00:00:00+00:00", "deposit": null, "compare_unit": "ltr", "compare_unit_price": 41.48, "consumption_unit": null, "consumption_quantity": null}], "temperature_zone": "frozen_18_degrees_celsius", "is_self_scale_item": false, "is_weight_item": false, "is_available_in_all_stores": true, "is_batch_item": false}
{"id": 262252, "name": "KARAMEL ISVAFLER", "underline": "425 ML. / REMA 1000", "age_limit": null, "hazard_precaution_statements": [], "labels": [{"id": 2, "name": "REMA1000", "image": "https://static-assets.digital.rema1000.dk/product/labels/2-64.webp"}, {"id": 95, "name": "Rainforest Alliance", "image": "https://static-assets.digital.rema1000.dk/product/labels/95-64.webp"}], "description": null, "info": "", "images": [{"small": "https://rema-product-images.digital.rema1000.dk/262252/1-small-NpP7bbX29O.webp", "medium": "https://rema-product-images.digital.rema1000.dk/262252/1-medium-NpP7bbX29O.webp", "large": "https://rema-product-images.digital.rema1000.dk/262252/1-large-NpP7bbX29O.webp"}], "prices": [{"price": 26.95, "price_over_max_quantity": null, "max_quantity": null, "is_advertised": false, "is_campaign": false, "starting_at": "2024-03-28T00:00:00+00:00", "ending_at": "2099-12-31T00:00:00+00:00", "deposit": null, "compare_unit": "ltr", "compare_unit_price": 63.41, "consumption_unit": null, "consumption_quantity": null}], "temperature_zone": "frozen_18_degrees_celsius", "is_self_scale_item": false, "is_weight_item": false, "is_available_in_all_stores": false, "is_batch_item": false}
{"id": 262254, "name": "SOMMER ISVAFLER", "underline": "420 ML. / REMA 1000", "age_limit": null, "hazard_precaution_statements": [], "labels": [{"id": 2, "name": "REMA1000", "image": "https://static-assets.digital.rema1000.dk/product/labels/2-64.webp"}, {"id": 95, "name": "Rainforest Alliance", "image": "https://static-assets.digital.rema1000.dk/product/labels/95-64.webp"}], "description": null, "info": "", "images": [{"small": "https://rema-product-images.digital.rema1000.dk/262254/1-small-Al90jj8yo8.webp", "medium": "https://rema-product-images.digital.rema1000.dk/262254/1-medium-Al90jj8yo8.webp", "large": "https://rema-product-images.digital.rema1000.dk/262254/1-large-Al90jj8yo8.webp"}], "prices": [{"price": 26.95, "price_over_max_quantity": null, "max_quantity": null, "is_advertised": false, "is_campaign": false, "starting_at": "2025-03-13T00:00:00+00:00", "ending_at": "2099-12-31T00:00:00+00:00", "deposit": null, "compare_unit": "ltr", "compare_unit_price": 64.17, "consumption_unit": null, "consumption_quantity": null}], "temperature_zone": "frozen_18_degrees_celsius", "is_self_scale_item": false, "is_weight_item": false, "is_available_in_all_stores": false, "is_batch_item": false}
{"id": 262261, "name": "APPELSIN MINI FLØDEIS", "underline": "600 ML. / REMA 1000", "age_limit": null, "hazard_precaution_statements": [], "labels": [{"id": 2, "name": "REMA1000", "image": "https://static-assets.digital.rema1000.dk/product/labels/2-64.webp"}], "description": "Iskasse med 12 stk. små vanilje flødeis med overtræk af frisk appelsin limonadeis.", "info": "", "images": [{"small": "https://rema-product-images.digital.rema1000.dk/262261/1-small-Z8qp88j4q3.webp", "medium": "https://rema-product-images.digital.rema1000.dk/262261/1-medium-Z8qp88j4q3.webp", "large": "https://rema-product-images.digital.rema1000.dk/262261/1-large-Z8qp88j4q3.webp"}], "prices": [{"price": 29.95, "price_over_max_quantity": null, "max_quantity": null, "is_advertised": false, "is_campaign": false, "starting_at": "2023-01-05T00:00:00+00:00", "ending_at": "2099-12-31T00:00:00+00:00", "deposit": null, "compare_unit": "ltr", "compare_unit_price": 49.92, "consumption_unit": null, "consumption_quantity": null}], "temperature_zone": "frozen_18_degrees_celsius", "is_self_scale_item": false, "is_weight_item": false, "is_available_in_all_stores": true, "is_batch_item": false}
{"id": 262263, "name": "SPORT LIMONADEIS", "underline": "600 ML. / REMA 1000", "age_limit": null, "hazard_precaution_statements": [], "labels": [{"id": 2, "name": "REMA1000", "image": "https://static-assets.digital.rema1000.dk/product/labels/2-64.webp"}], "description": null, "info": "", "images": [{"small": "https://rema-product-images.digital.rema1000.dk/262263/1-small-rDq633Vm9b.webp", "medium": "https://rema-product-images.digital.rema1000.dk/262263/1-medium-rDq633Vm9b.webp", "large": "https://rema-product-images.digital.rema1000.dk/262263/1-large-rDq633Vm9b.webp"}], "prices": [{"price": 29.95, "price_over_max_quantity": null, "max_quantity": null, "is_advertised": false, "is_campaign": false, "starting_at": "2023-03-30T00:00:00+00:00", "ending_at": "2099-12-31T00:00:00+00:00", "deposit": null, "compare_unit": "ltr", "compare_unit_price": 49.92, "consumption_unit": null, "consumption_quantity": null}], "temperature_zone": "frozen_18_degrees_celsius", "is_self_scale_item": false, "is_weight_item": false, "is_available_in_all_stores": true, "is_batch_item": false}
{"id": 262264, "name": "MINI ISVAFLER", "underline": "336 ML. / REMA 1000", "age_limit": null, "hazard_precaution_statements": [], "labels": [{"id": 2, "name": "REMA1000", "image": "https://static-assets.digital.rema1000.dk/product/labels/2-64.webp"}, {"id": 90, "name": "Rainforest Alliance certificeret", "image": "https://static-assets.digital.rema1000.dk/product/labels/90-64.webp"}], "description": null, "info": "", "images": [{"small": "https://rema-product-images.digital.rema1000.dk/262264/1-small-AKqexxOnop.webp", "medium": "https://rema-product-images.digital.rema1000.dk/262264/1-medium-AKqexxOnop.webp", "large": "https://rema-product-images.digital.rema1000.dk/262264/1-large-AKqexxOnop.webp"}], "prices": [{"price": 26.95, "price_over_max_quantity": null, "max_quantity": null, "is_advertised": false, "is_campaign": false, "starting_at": "2025-01-24T00:00:00+00:00", "ending_at": "2099-12-31T00:00:00+00:00", "deposit": null, "compare_unit": "ltr", "compare_unit_price": 80.21, "consumption_unit": null, "consumption_quantity": null}], "temperature_zone": "frozen_18_degrees_celsius", "is_self_scale_item": false, "is_weight_item": false, "is_available_in_all_stores": true, "is_batch_item": false}
{"id": 262270, "name": "RAKET IS", "underline": "400 ML. / REMA 1000", "age_limit": null, "hazard_precaution_statements": [], "labels": [{"id": 2, "name": "REMA1000", "image": "https://static-assets.digital.rema1000.dk/product/labels/2-64.webp"}], "description": "  Små forfriskende limonadeis med smag af ananas, appelsin og hindbær.", "info": "", "images": [{"small": "https://rema-product-images.digital.rema1000.dk/262270/1-small-kOq3WW74q6.webp", "medium": "https://rema-product-images.digital.rema1000.dk/262270/1-medium-kOq3WW74q6.webp", "large": "https://rema-product-images.digital.rema1000.dk/262270/1-large-kOq3WW74q6.webp"}], "prices": [{"price": 18.95, "price_over_max_quantity": null, "max_quantity": null, "is_advertised": false, "is_campaign": false, "starting_at": "2022-05-26T00:00:00+00:00", "ending_at": "2099-12-31T00:00:00+00:00", "deposit": null, "compare_unit": "ltr", "compare_unit_price": 47.38, "consumption_unit": null, "consumption_quantity": null}], "temperature_zone": "frozen_18_degrees_celsius", "is_self_scale_item": false, "is_weight_item": false, "is_available_in_all_stores": true, "is_batch_item": false}
{"id": 26515, "name": "CHOKO DESSERT", "underline": "115 GR. / DANETTE", "age_limit": null, "hazard_precaution_statements": [], "labels": [], "description": null, "info": "", "images": [{"small": "https://rema-product-images.digital.rema1000.dk/26515/1-small-KpqR863PLz.webp", "medium": "https://rema-product-images.digital.rema1000.dk/26515/1-medium-KpqR863PLz.webp", "large": "https://rema-product-images.digital.rema1000.dk/26515/1-large-KpqR863PLz.webp"}], "prices": [{"price": 5.95, "price_over_max_quantity": null, "max_quantity": null, "is_advertised": false, "is_campaign": false, "starting_at": "2024-06-27T00:00:00+00:00", "ending_at": "2099-12-31T00:00:00+00:00", "deposit": null, "compare_unit": "kg", "compare_unit_price": 51.74, "consumption_unit": null, "consumption_quantity": null}], "temperature_zone": "refrigerated_5_degrees_celsius", "is_self_scale_item": false, "is_weight_item": false, "is_available_in_all_stores": true, "is_batch_item": false}
{"id": 26518, "name": "TIRAMISÙ", "underline": "180 GR. / DOLCE MAMMA", "age_limit": null, "hazard_precaution_statements": [], "labels": [], "description": null, "info": "", "images": [{"small": "https://rema-product-images.digital.rema1000.dk/26518/1-small-2B94j66okM.webp", "medium": "https://rema-product-images.digital.rema1000.dk/26518/1-medium-2B94j66okM.webp", "large": "https://rema-product-images.digital.rema1000.dk/26518/1-large-2B94j66okM.webp"}], "prices": [{"price": 13.95, "price_over_max_quantity": null, "max_quantity": null, "is_advertised": false, "is_campaign": false, "starting_at": "2023-01-05T00:00:00+00:00", "ending_at": "2099-12-31T00:00:00+00:00", "deposit": null, "compare_unit": "kg", "compare_unit_price": 77.5, "consumption_unit": null, "consumption_quantity": null}], "temperature_zone": "refrigerated_5_degrees_celsius", "is_self_scale_item": false, "is_weight_item": false, "is_available_in_all_stores": false, "is_batch_item": false}
{"id": 26815, "name": "VANILJESAUCE", "underline": "0.5 LTR. / KAROLINES KØKKEN", "age_limit": null, "hazard_precaution_statements": [], "labels": [], "description": null, "info": "", "images": [{"small": "https://rema-product-images.digital.rema1000.dk/26815/1-small-KpqR8ayPLz.webp", "medium": "https://rema-product-images.digital.rema1000.dk/26815/1-medium-KpqR8ayPLz.webp", "large": "https://rema-product-images.digital.rema1000.dk/26815/1-large-KpqR8ayPLz.webp"}], "prices": [{"price": 16.95, "price_over_max_quantity": null, "max_quantity": null, "is_advertised": false, "is_campaign": false, "starting_at": "2022-10-27T00:00:00+00:00", "ending_at": "2099-12-31T00:00:00+00:00", "deposit": null, "compare_unit": "ltr", "compare_unit_price": 33.9, "consumption_unit": null, "consumption_quantity": null}], "temperature_zone": "refrigerated_5_degrees_celsius", "is_self_scale_item": false, "is_weight_item": false, "is_available_in_all_stores": false, "is_batch_item": false}
{"id": 26838, "name": "YOGGI APPELSIN", "underline": "166 GR. / MED MUSLI TOP", "age_limit": null, "hazard_precaution_statements": [], "labels": [], "description": "Arla Yoggi appelsin har en topping af müsli og hvid chokolade.", "info": "", "images": [{"small": "https://rema-product-images.digital.rema1000.dk/26838/1-small-MBoNBdZovA.webp", "medium": "https://rema-product-images.digital.rema1000.dk/26838/1-medium-MBoNBdZovA.webp", "large": "https://rema-product-images.digital.rema1000.dk/26838/1-large-MBoNBdZovA.webp"}], "prices": [{"price": 10.5, "price_over_max_quantity": null, "max_quantity": null, "is_advertised": false, "is_campaign": false, "starting_at": "2025-01-30T00:00:00+00:00", "ending_at": "2099-12-31T00:00:00+00:00", "deposit": null, "compare_unit": "kg", "compare_unit_price": 63.25, "consumption_unit": null, "consumption_quantity": null}], "temperature_zone": "refrigerated_5_degrees_celsius", "is_self_scale_item": false, "is_weight_item": false, "is_available_in_all_stores": false, "is_batch_item": false}
{"id": 26840, "name": "YOGGI VANILJE", "underline": "166 GR. / MED MÜSLI TOP", "age_limit": null, "hazard_precaution_statements": [], "labels": [], "description": "Arla Yoggi vanilje med en topping af müsli og hvid chokolade", "info": "", "images": [{"small": "https://rema-product-images.digital.rema1000.dk/26840/1-small-rQqQ5kvqea.webp", "medium": "https://rema-product-images.digital.rema1000.dk/26840/1-medium-rQqQ5kvqea.webp", "large": "https://rema-product-images.digital.rema1000.dk/26840/1-large-rQqQ5kvqea.webp"}], "prices": [{"price": 10.5, "price_over_max_quantity": null, "max_quantity": null, "is_advertised": false, "is_campaign": false, "starting_at": "2025-01-30T00:00:00+00:00", "ending_at": "2099-12-31T00:00:00+00:00", "deposit": null, "compare_unit": "kg", "compare_unit_price": 63.25, "consumption_unit": null, "consumption_quantity": null}], "temperature_zone": "refrigerated_5_degrees_celsius", "is_self_scale_item": false, "is_weight_item": false, "is_available_in_all_stores": true, "is_batch_item": false}
{"id": 26888, "name": "MÆLKESNITTE", "underline": "30 GR. / REMA 1000, MED KAKAO", "age_limit": null, "hazard_precaution_statements": [], "labels": [{"id": 2, "name": "REMA1000", "image": "https://static-assets.digital.rema1000.dk/product/labels/2-64.webp"}, {"id": 95, "name": "Rainforest Alliance", "image": "https://static-assets.digital.rema1000.dk/product/labels/95-64.webp"}], "description": "<b>Discount med holdning</b><br />I REMA 1000 har vi fokus på kvalitet til lave priser og overskriften på vores arbejde er Discount med holdning.<br /><br />Vi har en klar holdning til alle de varer, vi sælger. Vi stiller ikke kun krav til kvaliteten af vores egne mærkevarer – det er også vigtigt for os, at emballagerne er designet til genanvendelse, at indholdet er uden problematiske stoffer, og at varerne er produceret ansvarligt samt mærket med tydelige og valide certificeringer.<br /><br /><b>Om denne vare</b><br />REMA 1000 mælkesnitte med kakao er et absolut madpakke-hit. Mælkesnitten er overtrukket med mørk chokolade og fyldt med både mælke- og kakaocreme.", "info": "", "images": [{"small": "https://rema-product-images.digital.rema1000.dk/26888/1-small-xePwGVxPw8.webp", "medium": "https://rema-product-images.digital.rema1000.dk/26888/1-medium-xePwGVxPw8.webp", "large": "https://rema-product-images.digital.rema1000.dk/26888/1-large-xePwGVxPw8.webp"}], "prices": [{"price": 5, "price_over_max_quantity": null, "max_quantity": null, "is_advertised": false, "is_campaign": false, "starting_at": "2023-01-05T00:00:00+00:00", "ending_at": "2099-12-31T00:00:00+00:00", "deposit": null, "compare_unit": "kg", "compare_unit_price": 166.67, "consumption_unit": null, "consumption_quantity": null}], "temperature_zone": "refrigerated_5_degrees_celsius", "is_self_scale_item": false, "is_weight_item": false, "is_available_in_all_stores": true, "is_batch_item": false}
{"id": 26991, "name": "KINDER", "underline": "140 GR. / MÆLKESNITTE 5 PAK.", "age_limit": null, "hazard_precaution_statements": [], "labels": [], "description": null, "info": "", "images": [{"small": "https://rema-product-images.digital.rema1000.dk/26991/1-small-3MoMwn395E.webp", "medium": "https://rema-product-images.digital.rema1000.dk/26991/1-medium-3MoMwn395E.webp", "large": "https://rema-product-images.digital.rema1000.dk/26991/1-large-3MoMwn395E.webp"}], "prices": [{"price": 24.95, "price_over_max_quantity": null, "max_quantity": null, "is_advertised": false, "is_campaign": false, "starting_at": "2024-11-14T00:00:00+00:00", "ending_at": "2099-12-31T00:00:00+00:00", "deposit": null, "compare_unit": "kg", "compare_unit_price": 178.21, "consumption_unit": null, "consumption_quantity": null}], "temperature_zone": "refrigerated_5_degrees_celsius", "is_self_scale_item": false, "is_weight_item": false, "is_available_in_all_stores": false, "is_batch_item": false}
{"id": 270070, "name": "BALSAM", "underline": "375 ML. / REMA 1000 PARFUMEFRI", "age_limit": null, "hazard_precaution_statements": [], "labels": [{"id": 2, "name": "REMA1000", "image": "https://static-assets.digital.rema1000.dk/product/labels/2-64.webp"}, {"id": 42, "name": "Svanemærket", "image": "https://static-assets.digital.rema1000.dk/product/labels/42-64.webp"}, {"id": 87, "name": "Asthma Allergy Nordic", "image": "https://static-assets.digital.rema1000.dk/product/labels/87-64.webp"}], "description": "Hårbalsam", "info": "", "images": [{"small": "https://rema-product-images.digital.rema1000.dk/270070/1-small-kOq3WKeNq6.webp", "medium": "https://rema-product-images.digital.rema1000.dk/270070/1-medium-kOq3WKeNq6.webp", "large": "https://rema-product-images.digital.rema1000.dk/270070/1-large-kOq3WKeNq6.webp"}], "prices": [{"price": 11.95, "price_over_max_quantity": null, "max_quantity": null, "is_advertised": false, "is_campaign": false, "starting_at": "2021-05-13T00:00:00+00:00", "ending_at": "2099-12-31T00:00:00+00:00", "deposit": null, "compare_unit": "ltr", "compare_unit_price": 31.87, "consumption_unit": null, "consumption_quantity": null}], "temperature_zone": null, "is_self_scale_item": false, "is_weight_item": false, "is_available_in_all_stores": true, "is_batch_item": false}
{"id": 270074, "name": "HÅRVOKS SOFT", "underline": "100 ML. / REMA 1000 PARFUMEFRI", "age_limit": null, "hazard_precaution_statements": [], "labels": [{"id": 2, "name": "REMA1000", "image": "https://static-assets.digital.rema1000.dk/product/labels/2-64.webp"}, {"id": 42, "name": "Svanemærket", "image": "https://static-assets.digital.rema1000.dk/product/labels/42-64.webp"}, {"id": 87, "name": "Asthma Allergy Nordic", "image": "https://static-assets.digital.rema1000.dk/product/labels/87-64.webp"}], "description": null, "info": "", "images": [{"small": "https://rema-product-images.digital.rema1000.dk/270074/1-small-869Dxwr69M.webp", "medium": "https://rema-product-images.digital.rema1000.dk/270074/1-medium-869Dxwr69M.webp", "large": "https://rema-product-images.digital.rema1000.dk/270074/1-large-869Dxwr69M.webp"}], "prices": [{"price": 29.95, "price_over_max_quantity": null, "max_quantity": null, "is_advertised": false, "is_campaign": false, "starting_at": "2025-08-01T00:00:00+00:00", "ending_at": "2099-12-31T00:00:00+00:00", "deposit": null, "compare_unit": "ltr", "compare_unit_price": 299.5, "consumption_unit": null, "consumption_quantity": null}], "temperature_zone": null, "is_self_scale_item": false, "is_weight_item": false, "is_available_in_all_stores": true, "is_batch_item": false}
{"id": 270089, "name": "SALTVANDSSPRAY", "underline": "150 ML. / REMA 1000", "age_limit": null, "hazard_precaution_statements": [], "labels": [{"id": 2, "name": "REMA1000", "image": "https://static-assets.digital.rema1000.dk/product/labels/2-64.webp"}], "description": "Saltvandsspray egnet til at spraye i vådt eller tørt hår for at opnå fylde", "info": "", "images": [{"small": "https://rema-product-images.digital.rema1000.dk/270089/1-small-ElPBxp58qk.webp", "medium": "https://rema-product-images.digital.rema1000.dk/270089/1-medium-ElPBxp58qk.webp", "large": "https://rema-product-images.digital.rema1000.dk/270089/1-large-ElPBxp58qk.webp"}], "prices": [{"price": 19.95, "price_over_max_quantity": null, "max_quantity": null, "is_advertised": false, "is_campaign": false, "starting_at": "2021-10-19T00:00:00+00:00", "ending_at": "2099-12-31T00:00:00+00:00", "deposit": null, "compare_unit": "ltr", "compare_unit_price": 133, "consumption_unit": null, "consumption_quantity": null}], "temperature_zone": null, "is_self_scale_item": false, "is_weight_item": false, "is_available_in_all_stores": true, "is_batch_item": false}
{"id": 270100, "name": "TANDBØRSTE", "underline": "1 STK. / COLGATE GUM INVIGORATE SOFT", "age_limit": null, "hazard_precaution_statements": [], "labels": [], "description": "Elsk den rene følelse, du får, når du bruger Colgate Gum Soft tandbørste. Denne manuelle tandbørste har en blød børste med høj tæthed, der vikles rundt om hver tand individuelt for en grundig rengøring. Tandbørstens lille, runde hoved er kun 3,5 millimeter tyndt, hvilket gør det nemt og nu og til at rense bag tænderne, mens du masserer tandkødet forsigtigt. Derudover giver denne tandbørste høj skumdannelse til en dyb, varig rengøring - perfekt til et blændende smil.", "info": "", "images": [{"small": "https://rema-product-images.digital.rema1000.dk/270100/1-small-xePwRnb89w.webp", "medium": "https://rema-product-images.digital.rema1000.dk/270100/1-medium-xePwRnb89w.webp", "large": "https://rema-product-images.digital.rema1000.dk/270100/1-large-xePwRnb89w.webp"}], "prices": [{"price": 29.95, "price_over_max_quantity": null, "max_quantity": null, "is_advertised": false, "is_campaign": false, "starting_at": "2024-05-21T00:00:00+00:00", "ending_at": "2099-12-31T00:00:00+00:00", "deposit": null, "compare_unit": "stk", "compare_unit_price": 29.95, "consumption_unit": null, "consumption_quantity": null}], "temperature_zone": null, "is_self_scale_item": false, "is_weight_item": false, "is_available_in_all_stores": true, "is_batch_item": false}
{"id": 270104, "name": "TANDSTIKKER", "underline": "40 STK. / REMA 1000 MED BØRSTE", "age_limit": null, "hazard_precaution_statements": [], "labels": [{"id": 2, "name": "REMA1000", "image": "https://static-assets.digital.rema1000.dk/product/labels/2-64.webp"}], "description": null, "info": "", "images": [{"small": "https://rema-product-images.digital.rema1000.dk/270104/1-small-OJq5jEbN9p.webp", "medium": "https://rema-product-images.digital.rema1000.dk/270104/1-medium-OJq5jEbN9p.webp", "large": "https://rema-product-images.digital.rema1000.dk/270104/1-large-OJq5jEbN9p.webp"}], "prices": [{"price": 9.95, "price_over_max_quantity": null, "max_quantity": null, "is_advertised": false, "is_campaign": false, "starting_at": "2023-08-21T00:00:00+00:00", "ending_at": "2099-12-31T00:00:00+00:00", "deposit": null, "compare_unit": "stk", "compare_unit_price": 0.25, "consumption_unit": null, "consumption_quantity": null}], "temperature_zone": null, "is_self_scale_item": false, "is_weight_item": false, "is_available_in_all_stores": true, "is_batch_item": false}
{"id": 270601, "name": "DRY SHAMPOO", "underline": "200 ML. / BATISTE ORIGINAL", "age_limit": null, "hazard_precaution_statements": ["Yderst brandfarlig aerosol.", "Beholder under tryk. Kan sprænges ved opvarmning.", "Opbevares utilgængeligt for børn.", "Holdes væk fra varme, varme overflader, gnister, åben ild og andre antændelseskilder. Rygning forbudt.", "Må ikke punkteres eller brændes, heller ikke efter brug.", "Beskyttes mod sollys. Må ikke udsættes for en temperatur, som overstiger 50 °C/122 °F."], "labels": [], "description": "Dry Shampoo Clean & Classic Blush fra Batiste er en tørshampoo der hurtigt giver nyt liv i håret. Batiste fjerner urenheder, fedt og eventuelle produktrester samtidig med at du giver håret en frisk duft.  Ryst produktet grundigt inden brug, og spray derefter tørshampooen i tørt hår med en afstand på cirka 20 cm - skilning for skilning. Lad derefter produktet virke i cirka ét minut, og red håret igennem.", "info": "", "images": [{"small": "https://rema-product-images.digital.rema1000.dk/270601/1-small-ElPBxp41qk.webp", "medium": "https://rema-product-images.digital.rema1000.dk/270601/1-medium-ElPBxp41qk.webp", "large": "https://rema-product-images.digital.rema1000.dk/270601/1-large-ElPBxp41qk.webp"}], "prices": [{"price": 33, "price_over_max_quantity": null, "max_quantity": null, "is_advertised": false, "is_campaign": false, "starting_at": "2024-03-14T00:00:00+00:00", "ending_at": "2099-12-31T00:00:00+00:00", "deposit": null, "compare_unit": "ltr", "compare_unit_price": 165, "consumption_unit": null, "consumption_quantity": null}], "temperature_zone": null, "is_self_scale_item": false, "is_weight_item": false, "is_available_in_all_stores": true, "is_batch_item": false}
{"id": 270766, "name": "TANDBØRSTEHOVEDER", "underline": "4 STK.", "age_limit": null, "hazard_precaution_statements": [], "labels": [], "description": null, "info": "", "images": [{"small": "https://rema-product-images.digital.rema1000.dk/270766/1-small-pyoza82LPX.webp", "medium": "https://rema-product-images.digital.rema1000.dk/270766/1-medium-pyoza82LPX.webp", "large": "https://rema-product-images.digital.rema1000.dk/270766/1-large-pyoza82LPX.webp"}], "prices": [{"price": 19.95, "price_over_max_quantity": null, "max_quantity": null, "is_advertised": false, "is_campaign": false, "starting_at": "2023-08-01T00:00:00+00:00", "ending_at": "2099-12-31T00:00:00+00:00", "deposit": null, "compare_unit": "stk", "compare_unit_price": 4.99, "consumption_unit": null, "consumption_quantity": null}], "temperature_zone": null, "is_self_scale_item": false, "is_weight_item": false, "is_available_in_all_stores": true, "is_batch_item": false}
{"id": 270972, "name": "STYLING GEL", "underline": "150 ML. / REMA 1000 STÆRKT HOLD", "age_limit": null, "hazard_precaution_statements": [], "labels": [{"id": 2, "name": "REMA1000", "image": "https://static-assets.digital.rema1000.dk/product/labels/2-64.webp"}], "description": "Styling gel til håret", "info": "", "images": [{"small": "https://rema-product-images.digital.rema1000.dk/270972/1-small-xyqaKBwOPD.webp", "medium": "https://rema-product-images.digital.rema1000.dk/270972/1-medium-xyqaKBwOPD.webp", "large": "https://rema-product-images.digital.rema1000.dk/270972/1-large-xyqaKBwOPD.webp"}], "prices": [{"price": 10.95, "price_over_max_quantity": null, "max_quantity": null, "is_advertised": false, "is_campaign": false, "starting_at": "2025-06-05T00:00:00+00:00", "ending_at": "2099-12-31T00:00:00+00:00", "deposit": null, "compare_unit": "ltr", "compare_unit_price": 73, "consumption_unit": null, "consumption_quantity": null}], "temperature_zone": null, "is_self_scale_item": false, "is_weight_item": false, "is_available_in_all_stores": true, "is_batch_item": false}
{"id": 271114, "name": "HÅRBØRSTE", "underline": "1 STK. / FLEKSIBEL RPP MATERIALE", "age_limit": null, "hazard_precaution_statements": [], "labels": [], "description": "27x7x3 cm", "info": "", "images": [{"small": "https://rema-product-images.digital.rema1000.dk/271114/1-small-3MovjalkoA.webp", "medium": "https://rema-product-images.digital.rema1000.dk/271114/1-medium-3MovjalkoA.webp", "large": "https://rema-product-images.digital.rema1000.dk/271114/1-large-3MovjalkoA.webp"}], "prices": [{"price": 20, "price_over_max_quantity": null, "max_quantity": null, "is_advertised": false, "is_campaign": false, "starting_at": "2023-09-25T00:00:00+00:00", "ending_at": "2099-12-31T00:00:00+00:00", "deposit": null, "compare_unit": "stk", "compare_unit_price": 20, "consumption_unit": null, "consumption_quantity": null}], "temperature_zone": null, "is_self_scale_item": false, "is_weight_item": false, "is_available_in_all_stores": true, "is_batch_item": false}
{"id": 272633, "name": "HAIRMOUSSE", "underline": "150 ML. / TAFT VOLUME", "age_limit": null, "hazard_precaution_statements": ["Yderst brandfarlig aerosol.", "Beholder under tryk. Kan sprænges ved opvarmning.", "Holdes væk fra varme, varme overflader, gnister, åben ild og andre antændelseskilder. Rygning forbudt.", "Spray ikke mod åben ild eller andre antændelseskilder.", "Må ikke punkteres eller brændes, heller ikke efter brug.", "Beskyttes mod sollys. Må ikke udsættes for en temperatur, som overstiger 50 °C/122 °F."], "labels": [], "description": null, "info": "", "images": [{"small": "https://rema-product-images.digital.rema1000.dk/272633/1-small-YLPjnN3YPk.webp", "medium": "https://rema-product-images.digital.rema1000.dk/272633/1-medium-YLPjnN3YPk.webp", "large": "https://rema-product-images.digital.rema1000.dk/272633/1-large-YLPjnN3YPk.webp"}], "prices": [{"price": 24, "price_over_max_quantity": null, "max_quantity": null, "is_advertised": false, "is_campaign": false, "starting_at": "2025-05-23T00:00:00+00:00", "ending_at": "2025-09-06T00:00:00+00:00", "deposit": null, "compare_unit": "ltr", "compare_unit_price": 160, "consumption_unit": null, "consumption_quantity": null}], "temperature_zone": null, "is_self_scale_item": false, "is_weight_item": false, "is_available_in_all_stores": true, "is_batch_item": false}
{"id": 272634, "name": "HAIRSPRAY", "underline": "250 ML. / POLY SWING", "age_limit": null, "hazard_precaution_statements": ["Yderst brandfarlig aerosol.", "Beholder under tryk. Kan sprænges ved opvarmning.", "Opbevares utilgængeligt for børn.", "Holdes væk fra varme, varme overflader, gnister, åben ild og andre antændelseskilder. Rygning forbudt.", "Beskyttes mod sollys. Må ikke udsættes for en temperatur, som overstiger 50 °C/122 °F.", "Spray ikke mod åben ild eller andre antændelseskilder.", "Må ikke punkteres eller brændes, heller ikke efter brug."], "labels": [], "description": null, "info": "", "images": [{"small": "https://rema-product-images.digital.rema1000.dk/272634/1-small-yLqGY8OdPd.webp", "medium": "https://rema-product-images.digital.rema1000.dk/272634/1-medium-yLqGY8OdPd.webp", "large": "https://rema-product-images.digital.rema1000.dk/272634/1-large-yLqGY8OdPd.webp"}], "prices": [{"price": 24, "price_over_max_quantity": null, "max_quantity": null, "is_advertised": false, "is_campaign": false, "starting_at": "2024-02-01T00:00:00+00:00", "ending_at": "2025-09-06T00:00:00+00:00", "deposit": null, "compare_unit": "ltr", "compare_unit_price": 96, "consumption_unit": null, "consumption_quantity": null}], "temperature_zone": null, "is_self_scale_item": false, "is_weight_item": false, "is_available_in_all_stores": true, "is_batch_item": false}
{"id": 273097, "name": "HAIR WAX", "underline": "100 ML. / HAIR ART EXTREME HOLD", "age_limit": null, "hazard_precaution_statements": [], "labels": [], "description": "Ekstra hold til frisuren. Let at fordele i håret. Mat look. Vandbaseret formel. Let at skylle ud.", "info": "", "images": [{"small": "https://rema-product-images.digital.rema1000.dk/273097/1-small-aboK7GMJop.webp", "medium": "https://rema-product-images.digital.rema1000.dk/273097/1-medium-aboK7GMJop.webp", "large": "https://rema-product-images.digital.rema1000.dk/273097/1-large-aboK7GMJop.webp"}], "prices": [{"price": 24.95, "price_over_max_quantity": null, "max_quantity": null, "is_advertised": false, "is_campaign": false, "starting_at": "2024-01-02T00:00:00+00:00", "ending_at": "2099-12-31T00:00:00+00:00", "deposit": null, "compare_unit": "ltr", "compare_unit_price": 249.5, "consumption_unit": null, "consumption_quantity": null}], "temperature_zone": null, "is_self_scale_item": false, "is_weight_item": false, "is_available_in_all_stores": true, "is_batch_item": false}
{"id": 275212, "name": "COLGATE", "underline": "1 STK. / TANDBØRSTE 0-2 ÅR FIRST SMILES", "age_limit": null, "hazard_precaution_statements": [], "labels": [{"id": 9001, "name": "Avisvare", "image": "https://static-assets.digital.rema1000.dk/product/labels/9001-64.webp"}], "description": "Colgate First Smiles 0-2 år tandbørste gør det via sit lille børstehoved nemt og enkelt at børste tænder. Har ekstra bløde børstehår for en skånsom børstning.", "info": "", "images": [{"small": "https://rema-product-images.digital.rema1000.dk/275212/1-small-18oXa4l7qk.webp", "medium": "https://rema-product-images.digital.rema1000.dk/275212/1-medium-18oXa4l7qk.webp", "large": "https://rema-product-images.digital.rema1000.dk/275212/1-large-18oXa4l7qk.webp"}], "prices": [{"price": 10, "price_over_max_quantity": null, "max_quantity": null, "is_advertised": true, "is_campaign": false, "starting_at": "2025-08-17T00:00:00+00:00", "ending_at": "2025-11-15T00:00:00+00:00", "deposit": null, "compare_unit": "stk", "compare_unit_price": 10, "consumption_unit": null, "consumption_quantity": null}], "temperature_zone": null, "is_self_scale_item": false, "is_weight_item": false, "is_available_in_all_stores": true, "is_batch_item": true}
{"id": 276104, "name": "TANDSTIKKERE", "underline": "125 STK. / JORDAN I BORDPAKKE", "age_limit": null, "hazard_precaution_statements": [], "labels": [], "description": null, "info": "", "images": [{"small": "https://rema-product-images.digital.rema1000.dk/276104/1-small-OJq5jAdv9p.webp", "medium": "https://rema-product-images.digital.rema1000.dk/276104/1-medium-OJq5jAdv9p.webp", "large": "https://rema-product-images.digital.rema1000.dk/276104/1-large-OJq5jAdv9p.webp"}], "prices": [{"price": 32.95, "price_over_max_quantity": null, "max_quantity": null, "is_advertised": false, "is_campaign": false, "starting_at": "2025-02-06T00:00:00+00:00", "ending_at": "2099-12-31T00:00:00+00:00", "deposit": null, "compare_unit": "stk", "compare_unit_price": 0.26, "consumption_unit": null, "consumption_quantity": null}], "temperature_zone": null, "is_self_scale_item": false, "is_weight_item": false, "is_available_in_all_stores": true, "is_batch_item": false}
{"id": 276753, "name": "PROTESERENSTABLETTER", "underline": "30 STK. / STERADENT ACTIVE", "age_limit": null, "hazard_precaution_statements": [], "labels": [], "description": null, "info": "", "images": [{"small": "https://rema-product-images.digital.rema1000.dk/276753/1-small-aboK7Awmop.webp", "medium": "https://rema-product-images.digital.rema1000.dk/276753/1-medium-aboK7Awmop.webp", "large": "https://rema-product-images.digital.rema1000.dk/276753/1-large-aboK7Awmop.webp"}], "prices": [{"price": 29.95, "price_over_max_quantity": null, "max_quantity": null, "is_advertised": false, "is_campaign": false, "starting_at": "2024-02-29T00:00:00+00:00", "ending_at": "2099-12-31T00:00:00+00:00", "deposit": null, "compare_unit": "stk", "compare_unit_price": 1, "consumption_unit": null, "consumption_quantity": null}], "temperature_zone": null, "is_self_scale_item": false, "is_weight_item": false, "is_available_in_all_stores": true, "is_batch_item": false}
{"id": 28811, "name": "HYTTEOST 4%", "underline": "450 GR. / MAMMEN", "age_limit": null, "hazard_precaution_statements": [], "labels": [{"id": 40, "name": "Nøglehul", "image": "https://static-assets.digital.rema1000.dk/product/labels/40-64.webp"}, {"id": 70, "name": "Dansk", "image": "https://static-assets.digital.rema1000.dk/product/labels/70-64.webp"}], "description": null, "info": "", "images": [{"small": "https://rema-product-images.digital.rema1000.dk/28811/1-small-A5qVBnaqaQ.webp", "medium": "https://rema-product-images.digital.rema1000.dk/28811/1-medium-A5qVBnaqaQ.webp", "large": "https://rema-product-images.digital.rema1000.dk/28811/1-large-A5qVBnaqaQ.webp"}], "prices": [{"price": 22.95, "price_over_max_quantity": null, "max_quantity": null, "is_advertised": false, "is_campaign": false, "starting_at": "2024-12-12T00:00:00+00:00", "ending_at": "2099-12-31T00:00:00+00:00", "deposit": null, "compare_unit": "kg", "compare_unit_price": 51, "consumption_unit": null, "consumption_quantity": null}], "temperature_zone": "refrigerated_5_degrees_celsius", "is_self_scale_item": false, "is_weight_item": false, "is_available_in_all_stores": false, "is_batch_item": false}
{"id": 28825, "name": "HYTTEOST 1,5%", "underline": "200 GR. / MAMMEN, LAKTOSEFRI", "age_limit": null, "hazard_precaution_statements": [], "labels": [{"id": 37, "name": "Laktose fri", "image": "https://static-assets.digital.rema1000.dk/product/labels/37-64.webp"}, {"id": 40, "name": "Nøglehul", "image": "https://static-assets.digital.rema1000.dk/product/labels/40-64.webp"}], "description": null, "info": "", "images": [{"small": "https://rema-product-images.digital.rema1000.dk/28825/1-small-Ea91O65ozY.webp", "medium": "https://rema-product-images.digital.rema1000.dk/28825/1-medium-Ea91O65ozY.webp", "large": "https://rema-product-images.digital.rema1000.dk/28825/1-large-Ea91O65ozY.webp"}], "prices": [{"price": 11.95, "price_over_max_quantity": null, "max_quantity": null, "is_advertised": false, "is_campaign": false, "starting_at": "2024-10-24T00:00:00+00:00", "ending_at": "2099-12-31T00:00:00+00:00", "deposit": null, "compare_unit": "kg", "compare_unit_price": 59.75, "consumption_unit": null, "consumption_quantity": null}], "temperature_zone": "refrigerated_5_degrees_celsius", "is_self_scale_item": false, "is_weight_item": false, "is_available_in_all_stores": false, "is_batch_item": false}
{"id": 28826, "name": "HYTTEOST 4,0%", "underline": "200 GR. / MAMMEN, ØKOLOGISK", "age_limit": null, "hazard_precaution_statements": [], "labels": [{"id": 6, "name": "Økologi", "image": "https://static-assets.digital.rema1000.dk/product/labels/6-64.webp"}, {"id": 40, "name": "Nøglehul", "image": "https://static-assets.digital.rema1000.dk/product/labels/40-64.webp"}, {"id": 70, "name": "Dansk", "image": "https://static-assets.digital.rema1000.dk/product/labels/70-64.webp"}, {"id": 203, "name": "Bedre dyrevelfærd 3", "image": "https://static-assets.digital.rema1000.dk/product/labels/203-64.webp"}], "description": null, "info": "", "images": [{"small": "https://rema-product-images.digital.rema1000.dk/28826/1-small-kOq3kYnq63.webp", "medium": "https://rema-product-images.digital.rema1000.dk/28826/1-medium-kOq3kYnq63.webp", "large": "https://rema-product-images.digital.rema1000.dk/28826/1-large-kOq3kYnq63.webp"}], "prices": [{"price": 14.95, "price_over_max_quantity": null, "max_quantity": null, "is_advertised": false, "is_campaign": false, "starting_at": "2024-12-12T00:00:00+00:00", "ending_at": "2099-12-31T00:00:00+00:00", "deposit": null, "compare_unit": "kg", "compare_unit_price": 74.75, "consumption_unit": null, "consumption_quantity": null}], "temperature_zone": "refrigerated_5_degrees_celsius", "is_self_scale_item": false, "is_weight_item": false, "is_available_in_all_stores": false, "is_batch_item": false}
{"id": 28827, "name": "HYTTEOST 1.5%", "underline": "250 GR. / CHEASY", "age_limit": null, "hazard_precaution_statements": [], "labels": [{"id": 40, "name": "Nøglehul", "image": "https://static-assets.digital.rema1000.dk/product/labels/40-64.webp"}], "description": null, "info": "", "images": [{"small": "https://rema-product-images.digital.rema1000.dk/28827/1-small-OW9O70y9gE.webp", "medium": "https://rema-product-images.digital.rema1000.dk/28827/1-medium-OW9O70y9gE.webp", "large": "https://rema-product-images.digital.rema1000.dk/28827/1-large-OW9O70y9gE.webp"}], "prices": [{"price": 15.5, "price_over_max_quantity": null, "max_quantity": null, "is_advertised": false, "is_campaign": false, "starting_at": "2024-09-26T00:00:00+00:00", "ending_at": "2099-12-31T00:00:00+00:00", "deposit": null, "compare_unit": "kg", "compare_unit_price": 62, "consumption_unit": null, "consumption_quantity": null}], "temperature_zone": "refrigerated_5_degrees_celsius", "is_self_scale_item": false, "is_weight_item": false, "is_available_in_all_stores": true, "is_batch_item": false}
{"id": 29210, "name": "MORNAYSAUCE 10%", "underline": "0.5 LTR. / KAROLINES KØKKEN", "age_limit": null, "hazard_precaution_statements": [], "labels": [], "description": "Arla Karolines Køkken® klassiske mornaysauce er som skabt til lasagne, mousaka og cremede pastaretter. Lavet på fløde og med en herlig smag af ost.<br />", "info": "", "images": [{"small": "https://rema-product-images.digital.rema1000.dk/29210/1-small-Al90bjno8w.webp", "medium": "https://rema-product-images.digital.rema1000.dk/29210/1-medium-Al90bjno8w.webp", "large": "https://rema-product-images.digital.rema1000.dk/29210/1-large-Al90bjno8w.webp"}], "prices": [{"price": 18.5, "price_over_max_quantity": null, "max_quantity": null, "is_advertised": false, "is_campaign": false, "starting_at": "2024-10-03T00:00:00+00:00", "ending_at": "2099-12-31T00:00:00+00:00", "deposit": null, "compare_unit": "ltr", "compare_unit_price": 37, "consumption_unit": null, "consumption_quantity": null}], "temperature_zone": null, "is_self_scale_item": false, "is_weight_item": false, "is_available_in_all_stores": true, "is_batch_item": false}
{"id": 29211, "name": "LET MORNAYSAUCE 4%", "underline": "0.5 LTR. / KAROLINES KØKKEN", "age_limit": null, "hazard_precaution_statements": [], "labels": [], "description": "Til gratinering & lasagne Mornaysaucen fra Karolines Køkken, er en krydret mælkesauce med en markant ostesmag. Anvendes til ovnretter som f.eks. lasagne, kartoffelgratin og i supper og gryderetter.", "info": "", "images": [{"small": "https://rema-product-images.digital.rema1000.dk/29211/1-small-A5qVLypPaQ.webp", "medium": "https://rema-product-images.digital.rema1000.dk/29211/1-medium-A5qVLypPaQ.webp", "large": "https://rema-product-images.digital.rema1000.dk/29211/1-large-A5qVLypPaQ.webp"}], "prices": [{"price": 18.5, "price_over_max_quantity": null, "max_quantity": null, "is_advertised": false, "is_campaign": false, "starting_at": "2024-10-03T00:00:00+00:00", "ending_at": "2099-12-31T00:00:00+00:00", "deposit": null, "compare_unit": "ltr", "compare_unit_price": 37, "consumption_unit": null, "consumption_quantity": null}], "temperature_zone": null, "is_self_scale_item": false, "is_weight_item": false, "is_available_in_all_stores": false, "is_batch_item": false}
{"id": 29215, "name": "KARRYSAUCE", "underline": "0.5 LTR. / KAROLINES KØKKEN", "age_limit": null, "hazard_precaution_statements": [], "labels": [], "description": "Karrysauce  Karolines Køkken er en mild og let krydret karrysauce, perfekt til eksempelvis Boller i karry eller Kylling i karry. Varm saucen op under omrøring og tilsæt de færdige kødboller eller kylling - og så er retten klar.", "info": "", "images": [{"small": "https://rema-product-images.digital.rema1000.dk/29215/1-small-KpqRNXkqLz.webp", "medium": "https://rema-product-images.digital.rema1000.dk/29215/1-medium-KpqRNXkqLz.webp", "large": "https://rema-product-images.digital.rema1000.dk/29215/1-large-KpqRNXkqLz.webp"}], "prices": [{"price": 18.5, "price_over_max_quantity": null, "max_quantity": null, "is_advertised": false, "is_campaign": false, "starting_at": "2024-10-03T00:00:00+00:00", "ending_at": "2099-12-31T00:00:00+00:00", "deposit": null, "compare_unit": "ltr", "compare_unit_price": 37, "consumption_unit": null, "consumption_quantity": null}], "temperature_zone": null, "is_self_scale_item": false, "is_weight_item": false, "is_available_in_all_stores": false, "is_batch_item": false}
{"id": 29225, "name": "RØDVINSSAUCE", "underline": "0.5 LTR. / KAROLINES KØKKEN", "age_limit": null, "hazard_precaution_statements": [], "labels": [], "description": null, "info": "", "images": [{"small": "https://rema-product-images.digital.rema1000.dk/29225/1-small-Ea91v0jPzY.webp", "medium": "https://rema-product-images.digital.rema1000.dk/29225/1-medium-Ea91v0jPzY.webp", "large": "https://rema-product-images.digital.rema1000.dk/29225/1-large-Ea91v0jPzY.webp"}], "prices": [{"price": 18.5, "price_over_max_quantity": null, "max_quantity": null, "is_advertised": false, "is_campaign": false, "starting_at": "2024-10-03T00:00:00+00:00", "ending_at": "2099-12-31T00:00:00+00:00", "deposit": null, "compare_unit": "ltr", "compare_unit_price": 37, "consumption_unit": null, "consumption_quantity": null}], "temperature_zone": null, "is_self_scale_item": false, "is_weight_item": false, "is_available_in_all_stores": false, "is_batch_item": false}
{"id": 29253, "name": "KLASSISK TOMATSUPPE", "underline": "1 LTR. / KAROLINES KØKKEN", "age_limit": null, "hazard_precaution_statements": [], "labels": [], "description": "Suppe fra Karolines køkken  Tomatsuppe med kun 3% fedt, er smagt til med timian, oregano og hvidløg, som er behagelig afbalanceret i forhold til hinanden. Suppen kan spises som den er, både kold eller varm. Tilsæt evt. forskelligt fyld som kogt paste, fisk eller grønt - kun fantasien sætter grænsen.", "info": "", "images": [{"small": "https://rema-product-images.digital.rema1000.dk/29253/1-small-aboK41mqpM.webp", "medium": "https://rema-product-images.digital.rema1000.dk/29253/1-medium-aboK41mqpM.webp", "large": "https://rema-product-images.digital.rema1000.dk/29253/1-large-aboK41mqpM.webp"}], "prices": [{"price": 31.95, "price_over_max_quantity": null, "max_quantity": null, "is_advertised": false, "is_campaign": false, "starting_at": "2024-10-03T00:00:00+00:00", "ending_at": "2099-12-31T00:00:00+00:00", "deposit": null, "compare_unit": "ltr", "compare_unit_price": 31.95, "consumption_unit": null, "consumption_quantity": null}], "temperature_zone": null, "is_self_scale_item": false, "is_weight_item": false, "is_available_in_all_stores": false, "is_batch_item": false}
{"id": 30007, "name": "YELLOWFIN TUN I OLIE", "underline": "140 GR. / REMA 1000", "age_limit": null, "hazard_precaution_statements": [], "labels": [{"id": 2, "name": "REMA1000", "image": "https://static-assets.digital.rema1000.dk/product/labels/2-64.webp"}], "description": "<b>Discount med holdning</b><br />I REMA 1000 har vi fokus på kvalitet til lave priser og overskriften på vores arbejde er Discount med holdning.<br /> <br />Vi har en klar holdning til alle de varer, vi sælger. Vi stiller ikke kun krav til kvaliteten af vores egne mærkevarer – det er også vigtigt for os, at emballagerne er designet til genanvendelse, at indholdet er uden problematiske stoffer, og at varerne er produceret ansvarligt samt mærket med tydelige og valide certificeringer.<br /> <br /><b>Om denne vare</b><br />REMA 1000 yellowfin tun i olie er store stykker af gulfinnet tun i olie. Tun er god i en klassisk tunsalat eller til det klassiske danske frokostbord. Fx på et godt stykke rugbrød toppet med avocado, tomat og rødløg.<br /> <br />Fanget: Det Vestindiske Ocean (FAO 51), Det Østindiske Ocean (FAO 57) eller Det vestlige centrale Stillehav (FAO 71). Se specifikt fangstområde på emballagen.", "info": "", "images": [{"small": "https://rema-product-images.digital.rema1000.dk/30007/1-small-v09gEKGoAW.webp", "medium": "https://rema-product-images.digital.rema1000.dk/30007/1-medium-v09gEKGoAW.webp", "large": "https://rema-product-images.digital.rema1000.dk/30007/1-large-v09gEKGoAW.webp"}], "prices": [{"price": 14.95, "price_over_max_quantity": null, "max_quantity": null, "is_advertised": false, "is_campaign": false, "starting_at": "2023-01-05T00:00:00+00:00", "ending_at": "2099-12-31T00:00:00+00:00", "deposit": null, "compare_unit": "kg", "compare_unit_price": 106.79, "consumption_unit": null, "consumption_quantity": null}], "temperature_zone": null, "is_self_scale_item": false, "is_weight_item": false, "is_available_in_all_stores": true, "is_batch_item": false}
{"id": 30016, "name": "YELLOWFIN TUN I VAND", "underline": "140 GR. / REMA 1000", "age_limit": null, "hazard_precaution_statements": [], "labels": [{"id": 2, "name": "REMA1000", "image": "https://static-assets.digital.rema1000.dk/product/labels/2-64.webp"}, {"id": 9, "name": "MSC", "image": "https://static-assets.digital.rema1000.dk/product/labels/9-64.webp"}, {"id": 40, "name": "Nøglehul", "image": "https://static-assets.digital.rema1000.dk/product/labels/40-64.webp"}], "description": "<b>Discount med holdning</b><br />I REMA 1000 har vi fokus på kvalitet til lave priser og overskriften på vores arbejde er Discount med holdning.<br /> <br />Vi har en klar holdning til alle de varer, vi sælger. Vi stiller ikke kun krav til kvaliteten af vores egne mærkevarer – det er også vigtigt for os, at emballagerne er designet til genanvendelse, at indholdet er uden problematiske stoffer, og at varerne er produceret ansvarligt samt mærket med tydelige og valide certificeringer.<br /> <br /><b>Om denne vare</b><br />REMA 1000 yellowfin tun i vand er store stykker af gulfinnet tun i vand. Tun er god i en klassisk tunsalat eller til det klassiske danske frokostbord. Fx på et godt stykke rugbrød toppet med avocado, tomat og rødløg.<br /> <br />Fanget: Det Vestindiske Ocean (FAO 51), Det Østindiske Ocean (FAO 57) eller Det vestlige centrale Stillehav (FAO 71). Se specifikt fangstområde på emballagen.", "info": "", "images": [{"small": "https://rema-product-images.digital.rema1000.dk/30016/1-small-6xqA4MjoDr.webp", "medium": "https://rema-product-images.digital.rema1000.dk/30016/1-medium-6xqA4MjoDr.webp", "large": "https://rema-product-images.digital.rema1000.dk/30016/1-large-6xqA4MjoDr.webp"}], "prices": [{"price": 14.95, "price_over_max_quantity": null, "max_quantity": null, "is_advertised": false, "is_campaign": false, "starting_at": "2023-01-05T00:00:00+00:00", "ending_at": "2099-12-31T00:00:00+00:00", "deposit": null, "compare_unit": "kg", "compare_unit_price": 106.79, "consumption_unit": null, "consumption_quantity": null}], "temperature_zone": null, "is_self_scale_item": false, "is_weight_item": false, "is_available_in_all_stores": true, "is_batch_item": false}
{"id": 30018, "name": "TUN I VAND", "underline": "140 GR. / REMA 1000", "age_limit": null, "hazard_precaution_statements": [], "labels": [{"id": 2, "name": "REMA1000", "image": "https://static-assets.digital.rema1000.dk/product/labels/2-64.webp"}, {"id": 9, "name": "MSC", "image": "https://static-assets.digital.rema1000.dk/product/labels/9-64.webp"}, {"id": 40, "name": "Nøglehul", "image": "https://static-assets.digital.rema1000.dk/product/labels/40-64.webp"}], "description": "<b>Discount med holdning</b><br />I REMA 1000 har vi fokus på kvalitet til lave priser og overskriften på vores arbejde er Discount med holdning.<br /> <br />Vi har en klar holdning til alle de varer, vi sælger. Vi stiller ikke kun krav til kvaliteten af vores egne mærkevarer – det er også vigtigt for os, at emballagerne er designet til genanvendelse, at indholdet er uden problematiske stoffer, og at varerne er produceret ansvarligt samt mærket med tydelige og valide certificeringer.<br /> <br /><b>Om denne vare</b><br />REMA 1000 tun i vand er stykker af skipjack-tun i vand. Tun er god i en klassisk tunsalat eller til det klassiske danske frokostbord. Fx på et godt stykke rugbrød toppet med avocado, tomat og rødløg.<br /> <br />Fanget: Det Vestindiske Ocean (FAO 51) eller Det Østindiske Ocean (FAO 57). Se specifikt fangstområde på emballagen.", "info": "", "images": [{"small": "https://rema-product-images.digital.rema1000.dk/30018/1-small-2B94nXvokM.webp", "medium": "https://rema-product-images.digital.rema1000.dk/30018/1-medium-2B94nXvokM.webp", "large": "https://rema-product-images.digital.rema1000.dk/30018/1-large-2B94nXvokM.webp"}], "prices": [{"price": 11.95, "price_over_max_quantity": null, "max_quantity": null, "is_advertised": false, "is_campaign": false, "starting_at": "2024-08-15T00:00:00+00:00", "ending_at": "2025-09-13T00:00:00+00:00", "deposit": null, "compare_unit": "kg", "compare_unit_price": 85.36, "consumption_unit": null, "consumption_quantity": null}], "temperature_zone": null, "is_self_scale_item": false, "is_weight_item": false, "is_available_in_all_stores": true, "is_batch_item": false}
{"id": 30019, "name": "TUN I OLIE", "underline": "140 GR. / REMA 1000", "age_limit": null, "hazard_precaution_statements": [], "labels": [{"id": 2, "name": "REMA1000", "image": "https://static-assets.digital.rema1000.dk/product/labels/2-64.webp"}, {"id": 9, "name": "MSC", "image": "https://static-assets.digital.rema1000.dk/product/labels/9-64.webp"}], "description": "<b>Discount med holdning</b><br />I REMA 1000 har vi fokus på kvalitet til lave priser og overskriften på vores arbejde er Discount med holdning.<br /> <br />Vi har en klar holdning til alle de varer, vi sælger. Vi stiller ikke kun krav til kvaliteten af vores egne mærkevarer – det er også vigtigt for os, at emballagerne er designet til genanvendelse, at indholdet er uden problematiske stoffer, og at varerne er produceret ansvarligt samt mærket med tydelige og valide certificeringer.<br /> <br /><b>Om denne vare</b><br />REMA 1000 tun i olie er stykker af skipjack-tun i olie. Tun er god i en klassisk tunsalat eller til det klassiske danske frokostbord. Fx på et godt stykke rugbrød toppet med avocado, tomat og rødløg.<br /> <br />Fanget: Det Vestindiske Ocean (FAO 51) eller Det Østindiske Ocean (FAO 57). Se specifikt fangstområde på emballagen.", "info": "", "images": [{"small": "https://rema-product-images.digital.rema1000.dk/30019/1-small-rDq65v6obW.webp", "medium": "https://rema-product-images.digital.rema1000.dk/30019/1-medium-rDq65v6obW.webp", "large": "https://rema-product-images.digital.rema1000.dk/30019/1-large-rDq65v6obW.webp"}], "prices": [{"price": 11.95, "price_over_max_quantity": null, "max_quantity": null, "is_advertised": false, "is_campaign": false, "starting_at": "2024-08-15T00:00:00+00:00", "ending_at": "2025-09-13T00:00:00+00:00", "deposit": null, "compare_unit": "kg", "compare_unit_price": 85.36, "consumption_unit": null, "consumption_quantity": null}], "temperature_zone": null, "is_self_scale_item": false, "is_weight_item": false, "is_available_in_all_stores": true, "is_batch_item": false}
{"id": 30029, "name": "ROGN", "underline": "200 GR. / REMA 1000", "age_limit": null, "hazard_precaution_statements": [], "labels": [{"id": 9001, "name": "Avisvare", "image": "https://static-assets.digital.rema1000.dk/product/labels/9001-64.webp"}, {"id": 2, "name": "REMA1000", "image": "https://static-assets.digital.rema1000.dk/product/labels/2-64.webp"}, {"id": 40, "name": "Nøglehul", "image": "https://static-assets.digital.rema1000.dk/product/labels/40-64.webp"}], "description": null, "info": "", "images": [{"small": "https://rema-product-images.digital.rema1000.dk/30029/1-small-pYqxDv8q1L.webp", "medium": "https://rema-product-images.digital.rema1000.dk/30029/1-medium-pYqxDv8q1L.webp", "large": "https://rema-product-images.digital.rema1000.dk/30029/1-large-pYqxDv8q1L.webp"}], "prices": [{"price": 12, "price_over_max_quantity": null, "max_quantity": null, "is_advertised": true, "is_campaign": true, "starting_at": "2025-08-17T00:00:00+00:00", "ending_at": "2025-08-23T00:00:00+00:00", "deposit": null, "compare_unit": "kg", "compare_unit_price": 60, "consumption_unit": null, "consumption_quantity": null}, {"price": 16.95, "price_over_max_quantity": null, "max_quantity": null, "is_advertised": false, "is_campaign": false, "starting_at": "2025-08-24T00:00:00+00:00", "ending_at": "2099-12-31T00:00:00+00:00", "deposit": null, "compare_unit": "kg", "compare_unit_price": 84.75, "consumption_unit": null, "consumption_quantity": null}], "temperature_zone": null, "is_self_scale_item": false, "is_weight_item": false, "is_available_in_all_stores": true, "is_batch_item": false}
{"id": 30036, "name": "MAKRELFILET I TOMAT", "underline": "125 GR. / AMANDA", "age_limit": null, "hazard_precaution_statements": [], "labels": [{"id": 40, "name": "Nøglehul", "image": "https://static-assets.digital.rema1000.dk/product/labels/40-64.webp"}], "description": null, "info": "", "images": [{"small": "https://rema-product-images.digital.rema1000.dk/30036/1-small-7doLGv2P6r.webp", "medium": "https://rema-product-images.digital.rema1000.dk/30036/1-medium-7doLGv2P6r.webp", "large": "https://rema-product-images.digital.rema1000.dk/30036/1-large-7doLGv2P6r.webp"}], "prices": [{"price": 18.95, "price_over_max_quantity": null, "max_quantity": null, "is_advertised": false, "is_campaign": false, "starting_at": "2025-03-27T00:00:00+00:00", "ending_at": "2099-12-31T00:00:00+00:00", "deposit": null, "compare_unit": "kg", "compare_unit_price": 151.6, "consumption_unit": null, "consumption_quantity": null}], "temperature_zone": null, "is_self_scale_item": false, "is_weight_item": false, "is_available_in_all_stores": true, "is_batch_item": false}
{"id": 30105, "name": "KARRY SILD", "underline": "550 GR. / FISKEMANDENS", "age_limit": null, "hazard_precaution_statements": [], "labels": [], "description": null, "info": "", "images": [{"small": "https://rema-product-images.digital.rema1000.dk/30105/1-small-xQq8r8OPZd.webp", "medium": "https://rema-product-images.digital.rema1000.dk/30105/1-medium-xQq8r8OPZd.webp", "large": "https://rema-product-images.digital.rema1000.dk/30105/1-large-xQq8r8OPZd.webp"}], "prices": [{"price": 27.95, "price_over_max_quantity": null, "max_quantity": null, "is_advertised": false, "is_campaign": false, "starting_at": "2025-01-16T00:00:00+00:00", "ending_at": "2099-12-31T00:00:00+00:00", "deposit": null, "compare_unit": "kg", "compare_unit_price": 50.82, "consumption_unit": null, "consumption_quantity": null}], "temperature_zone": "refrigerated_5_degrees_celsius", "is_self_scale_item": false, "is_weight_item": false, "is_available_in_all_stores": true, "is_batch_item": false}
{"id": 30119, "name": "FISKEBOLLER I LAGE", "underline": "260 GR. / BORNHOLMS", "age_limit": null, "hazard_precaution_statements": [], "labels": [{"id": 9, "name": "MSC", "image": "https://static-assets.digital.rema1000.dk/product/labels/9-64.webp"}, {"id": 40, "name": "Nøglehul", "image": "https://static-assets.digital.rema1000.dk/product/labels/40-64.webp"}], "description": null, "info": "", "images": [{"small": "https://rema-product-images.digital.rema1000.dk/30119/1-small-rDq65MmobW.webp", "medium": "https://rema-product-images.digital.rema1000.dk/30119/1-medium-rDq65MmobW.webp", "large": "https://rema-product-images.digital.rema1000.dk/30119/1-large-rDq65MmobW.webp"}], "prices": [{"price": 21.95, "price_over_max_quantity": null, "max_quantity": null, "is_advertised": false, "is_campaign": false, "starting_at": "2025-03-27T00:00:00+00:00", "ending_at": "2025-08-23T00:00:00+00:00", "deposit": null, "compare_unit": "kg", "compare_unit_price": 84.42, "consumption_unit": null, "consumption_quantity": null}], "temperature_zone": null, "is_self_scale_item": false, "is_weight_item": false, "is_available_in_all_stores": true, "is_batch_item": false}
{"id": 30123, "name": "MARINEREDE SILD", "underline": "400 GR. / FISKEMANDENS, SNITTER", "age_limit": null, "hazard_precaution_statements": [], "labels": [], "description": null, "info": "", "images": [{"small": "https://rema-product-images.digital.rema1000.dk/30123/1-small-MNqZJEgqA7.webp", "medium": "https://rema-product-images.digital.rema1000.dk/30123/1-medium-MNqZJEgqA7.webp", "large": "https://rema-product-images.digital.rema1000.dk/30123/1-large-MNqZJEgqA7.webp"}], "prices": [{"price": 26.5, "price_over_max_quantity": null, "max_quantity": null, "is_advertised": false, "is_campaign": false, "starting_at": "2025-01-09T00:00:00+00:00", "ending_at": "2099-12-31T00:00:00+00:00", "deposit": null, "compare_unit": "kg", "compare_unit_price": 66.25, "consumption_unit": null, "consumption_quantity": null}], "temperature_zone": "refrigerated_5_degrees_celsius", "is_self_scale_item": false, "is_weight_item": false, "is_available_in_all_stores": true, "is_batch_item": false}
{"id": 30128, "name": "LAKS I CITRON/BASILIKUM", "underline": "77 GR. / MUNKEBO", "age_limit": null, "hazard_precaution_statements": [], "labels": [{"id": 40, "name": "Nøglehul", "image": "https://static-assets.digital.rema1000.dk/product/labels/40-64.webp"}, {"id": 45, "name": "ASC", "image": "https://static-assets.digital.rema1000.dk/product/labels/45-64.webp"}], "description": "Laks opdrættet på Færøerne.<br />", "info": "", "images": [{"small": "https://rema-product-images.digital.rema1000.dk/30128/1-small-xyqaLE6oDb.webp", "medium": "https://rema-product-images.digital.rema1000.dk/30128/1-medium-xyqaLE6oDb.webp", "large": "https://rema-product-images.digital.rema1000.dk/30128/1-large-xyqaLE6oDb.webp"}], "prices": [{"price": 22.95, "price_over_max_quantity": null, "max_quantity": null, "is_advertised": false, "is_campaign": false, "starting_at": "2025-05-01T00:00:00+00:00", "ending_at": "2025-09-13T00:00:00+00:00", "deposit": null, "compare_unit": "kg", "compare_unit_price": 298.05, "consumption_unit": null, "consumption_quantity": null}], "temperature_zone": null, "is_self_scale_item": false, "is_weight_item": false, "is_available_in_all_stores": true, "is_batch_item": false}
{"id": 30129, "name": "TOMAT SILD", "underline": "275 GR. / FISKEMANDENS", "age_limit": null, "hazard_precaution_statements": [], "labels": [], "description": "Tomatsild i glas", "info": "", "images": [{"small": "https://rema-product-images.digital.rema1000.dk/30129/1-small-pYqxDYwq1L.webp", "medium": "https://rema-product-images.digital.rema1000.dk/30129/1-medium-pYqxDYwq1L.webp", "large": "https://rema-product-images.digital.rema1000.dk/30129/1-large-pYqxDYwq1L.webp"}], "prices": [{"price": 18.95, "price_over_max_quantity": null, "max_quantity": null, "is_advertised": false, "is_campaign": false, "starting_at": "2025-01-09T00:00:00+00:00", "ending_at": "2099-12-31T00:00:00+00:00", "deposit": null, "compare_unit": "kg", "compare_unit_price": 68.91, "consumption_unit": null, "consumption_quantity": null}], "temperature_zone": "refrigerated_5_degrees_celsius", "is_self_scale_item": false, "is_weight_item": false, "is_available_in_all_stores": false, "is_batch_item": false}
{"id": 30131, "name": "SENNEPS SILD", "underline": "255 GR. / FISKEMANDENS", "age_limit": null, "hazard_precaution_statements": [], "labels": [], "description": null, "info": "", "images": [{"small": "https://rema-product-images.digital.rema1000.dk/30131/1-small-01q2w2O97n.webp", "medium": "https://rema-product-images.digital.rema1000.dk/30131/1-medium-01q2w2O97n.webp", "large": "https://rema-product-images.digital.rema1000.dk/30131/1-large-01q2w2O97n.webp"}], "prices": [{"price": 18.95, "price_over_max_quantity": null, "max_quantity": null, "is_advertised": false, "is_campaign": false, "starting_at": "2025-01-09T00:00:00+00:00", "ending_at": "2099-12-31T00:00:00+00:00", "deposit": null, "compare_unit": "kg", "compare_unit_price": 74.31, "consumption_unit": null, "consumption_quantity": null}], "temperature_zone": "refrigerated_5_degrees_celsius", "is_self_scale_item": false, "is_weight_item": false, "is_available_in_all_stores": true, "is_batch_item": false}
{"id": 30136, "name": "LAKSERØGET SILD", "underline": "120 GR. / FISKEMANDENS", "age_limit": null, "hazard_precaution_statements": [], "labels": [], "description": null, "info": "", "images": [{"small": "https://rema-product-images.digital.rema1000.dk/30136/1-small-7doLGEdP6r.webp", "medium": "https://rema-product-images.digital.rema1000.dk/30136/1-medium-7doLGEdP6r.webp", "large": "https://rema-product-images.digital.rema1000.dk/30136/1-large-7doLGEdP6r.webp"}], "prices": [{"price": 29.95, "price_over_max_quantity": null, "max_quantity": null, "is_advertised": false, "is_campaign": false, "starting_at": "2025-01-09T00:00:00+00:00", "ending_at": "2099-12-31T00:00:00+00:00", "deposit": null, "compare_unit": "kg", "compare_unit_price": 249.58, "consumption_unit": null, "consumption_quantity": null}], "temperature_zone": "refrigerated_5_degrees_celsius", "is_self_scale_item": false, "is_weight_item": false, "is_available_in_all_stores": false, "is_batch_item": false}
{"id": 30187, "name": "KIPPERS I VAND", "underline": "130 GR. / REMA 1000", "age_limit": null, "hazard_precaution_statements": [], "labels": [{"id": 9001, "name": "Avisvare", "image": "https://static-assets.digital.rema1000.dk/product/labels/9001-64.webp"}, {"id": 2, "name": "REMA1000", "image": "https://static-assets.digital.rema1000.dk/product/labels/2-64.webp"}, {"id": 9, "name": "MSC", "image": "https://static-assets.digital.rema1000.dk/product/labels/9-64.webp"}, {"id": 40, "name": "Nøglehul", "image": "https://static-assets.digital.rema1000.dk/product/labels/40-64.webp"}], "description": "Røgede sildefileter.<br />", "info": "", "images": [{"small": "https://rema-product-images.digital.rema1000.dk/30187/1-small-dyomQKnoVm.webp", "medium": "https://rema-product-images.digital.rema1000.dk/30187/1-medium-dyomQKnoVm.webp", "large": "https://rema-product-images.digital.rema1000.dk/30187/1-large-dyomQKnoVm.webp"}], "prices": [{"price": 12, "price_over_max_quantity": null, "max_quantity": null, "is_advertised": true, "is_campaign": true, "starting_at": "2025-08-17T00:00:00+00:00", "ending_at": "2025-08-23T00:00:00+00:00", "deposit": null, "compare_unit": "kg", "compare_unit_price": 92.31, "consumption_unit": null, "consumption_quantity": null}, {"price": 18.95, "price_over_max_quantity": null, "max_quantity": null, "is_advertised": false, "is_campaign": false, "starting_at": "2025-08-24T00:00:00+00:00", "ending_at": "2099-12-31T00:00:00+00:00", "deposit": null, "compare_unit": "kg", "compare_unit_price": 145.77, "consumption_unit": null, "consumption_quantity": null}], "temperature_zone": null, "is_self_scale_item": false, "is_weight_item": false, "is_available_in_all_stores": true, "is_batch_item": false}
{"id": 30188, "name": "KIPPERS I OLIE", "underline": "130 GR. / REMA 1000", "age_limit": null, "hazard_precaution_statements": [], "labels": [{"id": 9001, "name": "Avisvare", "image": "https://static-assets.digital.rema1000.dk/product/labels/9001-64.webp"}, {"id": 2, "name": "REMA1000", "image": "https://static-assets.digital.rema1000.dk/product/labels/2-64.webp"}, {"id": 9, "name": "MSC", "image": "https://static-assets.digital.rema1000.dk/product/labels/9-64.webp"}], "description": null, "info": "", "images": [{"small": "https://rema-product-images.digital.rema1000.dk/30188/1-small-xePwQ6xqw8.webp", "medium": "https://rema-product-images.digital.rema1000.dk/30188/1-medium-xePwQ6xqw8.webp", "large": "https://rema-product-images.digital.rema1000.dk/30188/1-large-xePwQ6xqw8.webp"}], "prices": [{"price": 12, "price_over_max_quantity": null, "max_quantity": null, "is_advertised": true, "is_campaign": true, "starting_at": "2025-08-17T00:00:00+00:00", "ending_at": "2025-08-23T00:00:00+00:00", "deposit": null, "compare_unit": "kg", "compare_unit_price": 92.31, "consumption_unit": null, "consumption_quantity": null}, {"price": 18.95, "price_over_max_quantity": null, "max_quantity": null, "is_advertised": false, "is_campaign": false, "starting_at": "2025-08-24T00:00:00+00:00", "ending_at": "2099-12-31T00:00:00+00:00", "deposit": null, "compare_unit": "kg", "compare_unit_price": 145.77, "consumption_unit": null, "consumption_quantity": null}], "temperature_zone": null, "is_self_scale_item": false, "is_weight_item": false, "is_available_in_all_stores": true, "is_batch_item": false}
{"id": 30189, "name": "PEBER KIPPERS I OLIE", "underline": "130 GR. / REMA 1000", "age_limit": null, "hazard_precaution_statements": [], "labels": [{"id": 9001, "name": "Avisvare", "image": "https://static-assets.digital.rema1000.dk/product/labels/9001-64.webp"}, {"id": 2, "name": "REMA1000", "image": "https://static-assets.digital.rema1000.dk/product/labels/2-64.webp"}, {"id": 9, "name": "MSC", "image": "https://static-assets.digital.rema1000.dk/product/labels/9-64.webp"}], "description": null, "info": "", "images": [{"small": "https://rema-product-images.digital.rema1000.dk/30189/1-small-ElPB3GYokG.webp", "medium": "https://rema-product-images.digital.rema1000.dk/30189/1-medium-ElPB3GYokG.webp", "large": "https://rema-product-images.digital.rema1000.dk/30189/1-large-ElPB3GYokG.webp"}], "prices": [{"price": 12, "price_over_max_quantity": null, "max_quantity": null, "is_advertised": true, "is_campaign": true, "starting_at": "2025-08-17T00:00:00+00:00", "ending_at": "2025-08-23T00:00:00+00:00", "deposit": null, "compare_unit": "kg", "compare_unit_price": 92.31, "consumption_unit": null, "consumption_quantity": null}, {"price": 18.95, "price_over_max_quantity": null, "max_quantity": null, "is_advertised": false, "is_campaign": false, "starting_at": "2025-08-24T00:00:00+00:00", "ending_at": "2099-12-31T00:00:00+00:00", "deposit": null, "compare_unit": "kg", "compare_unit_price": 145.77, "consumption_unit": null, "consumption_quantity": null}], "temperature_zone": null, "is_self_scale_item": false, "is_weight_item": false, "is_available_in_all_stores": true, "is_batch_item": false}
{"id": 30196, "name": "KRYDDER SILD", "underline": "160 GR. / 1899 LYKKEBERG, GAMMELDAGS MODNET", "age_limit": null, "hazard_precaution_statements": [], "labels": [], "description": null, "info": "", "images": [{"small": "https://rema-product-images.digital.rema1000.dk/30196/1-small-NpP78G2oOl.webp", "medium": "https://rema-product-images.digital.rema1000.dk/30196/1-medium-NpP78G2oOl.webp", "large": "https://rema-product-images.digital.rema1000.dk/30196/1-large-NpP78G2oOl.webp"}], "prices": [{"price": 31.95, "price_over_max_quantity": null, "max_quantity": null, "is_advertised": false, "is_campaign": false, "starting_at": "2025-01-09T00:00:00+00:00", "ending_at": "2099-12-31T00:00:00+00:00", "deposit": null, "compare_unit": "kg", "compare_unit_price": 199.69, "consumption_unit": null, "consumption_quantity": null}], "temperature_zone": "refrigerated_5_degrees_celsius", "is_self_scale_item": false, "is_weight_item": false, "is_available_in_all_stores": false, "is_batch_item": false}
{"id": 30204, "name": "FINDELT MAKREL", "underline": "125 GR. / REMA 1000", "age_limit": null, "hazard_precaution_statements": [], "labels": [{"id": 2, "name": "REMA1000", "image": "https://static-assets.digital.rema1000.dk/product/labels/2-64.webp"}, {"id": 40, "name": "Nøglehul", "image": "https://static-assets.digital.rema1000.dk/product/labels/40-64.webp"}], "description": null, "info": "", "images": [{"small": "https://rema-product-images.digital.rema1000.dk/30204/1-small-OJq5MG0qpr.webp", "medium": "https://rema-product-images.digital.rema1000.dk/30204/1-medium-OJq5MG0qpr.webp", "large": "https://rema-product-images.digital.rema1000.dk/30204/1-large-OJq5MG0qpr.webp"}], "prices": [{"price": 9.95, "price_over_max_quantity": null, "max_quantity": null, "is_advertised": false, "is_campaign": false, "starting_at": "2025-01-02T00:00:00+00:00", "ending_at": "2025-09-13T00:00:00+00:00", "deposit": null, "compare_unit": "kg", "compare_unit_price": 79.6, "consumption_unit": null, "consumption_quantity": null}], "temperature_zone": null, "is_self_scale_item": false, "is_weight_item": false, "is_available_in_all_stores": true, "is_batch_item": false}
{"id": 30220, "name": "MARINEREDE BIDDER", "underline": "129 GR. / AMANDA SILD", "age_limit": null, "hazard_precaution_statements": [], "labels": [], "description": null, "info": "", "images": [{"small": "https://rema-product-images.digital.rema1000.dk/30220/1-small-AKqezBY9p1.webp", "medium": "https://rema-product-images.digital.rema1000.dk/30220/1-medium-AKqezBY9p1.webp", "large": "https://rema-product-images.digital.rema1000.dk/30220/1-large-AKqezBY9p1.webp"}], "prices": [{"price": 18.95, "price_over_max_quantity": null, "max_quantity": null, "is_advertised": false, "is_campaign": false, "starting_at": "2025-01-23T00:00:00+00:00", "ending_at": "2099-12-31T00:00:00+00:00", "deposit": null, "compare_unit": "kg", "compare_unit_price": 146.9, "consumption_unit": null, "consumption_quantity": null}], "temperature_zone": "refrigerated_5_degrees_celsius", "is_self_scale_item": false, "is_weight_item": false, "is_available_in_all_stores": true, "is_batch_item": false}
{"id": 30221, "name": "KRYDDERBIDDER", "underline": "119 GR. / AMANDA SILD", "age_limit": null, "hazard_precaution_statements": [], "labels": [], "description": null, "info": "", "images": [{"small": "https://rema-product-images.digital.rema1000.dk/30221/1-small-bJ9YLRkqL5.webp", "medium": "https://rema-product-images.digital.rema1000.dk/30221/1-medium-bJ9YLRkqL5.webp", "large": "https://rema-product-images.digital.rema1000.dk/30221/1-large-bJ9YLRkqL5.webp"}], "prices": [{"price": 18.95, "price_over_max_quantity": null, "max_quantity": null, "is_advertised": false, "is_campaign": false, "starting_at": "2025-01-23T00:00:00+00:00", "ending_at": "2099-12-31T00:00:00+00:00", "deposit": null, "compare_unit": "kg", "compare_unit_price": 159.24, "consumption_unit": null, "consumption_quantity": null}], "temperature_zone": "refrigerated_5_degrees_celsius", "is_self_scale_item": false, "is_weight_item": false, "is_available_in_all_stores": false, "is_batch_item": false}
{"id": 30222, "name": "KARRYBIDDER", "underline": "240 GR. / AMANDA SILD", "age_limit": null, "hazard_precaution_statements": [], "labels": [], "description": null, "info": "", "images": [{"small": "https://rema-product-images.digital.rema1000.dk/30222/1-small-pyozOzwqXn.webp", "medium": "https://rema-product-images.digital.rema1000.dk/30222/1-medium-pyozOzwqXn.webp", "large": "https://rema-product-images.digital.rema1000.dk/30222/1-large-pyozOzwqXn.webp"}], "prices": [{"price": 18.95, "price_over_max_quantity": null, "max_quantity": null, "is_advertised": false, "is_campaign": false, "starting_at": "2025-01-23T00:00:00+00:00", "ending_at": "2099-12-31T00:00:00+00:00", "deposit": null, "compare_unit": "kg", "compare_unit_price": 78.96, "consumption_unit": null, "consumption_quantity": null}], "temperature_zone": "refrigerated_5_degrees_celsius", "is_self_scale_item": false, "is_weight_item": false, "is_available_in_all_stores": false, "is_batch_item": false}
{"id": 30225, "name": "KRYDDERSILD", "underline": "290 GR. / FISKEMANDENS", "age_limit": null, "hazard_precaution_statements": [], "labels": [], "description": null, "info": "", "images": [{"small": "https://rema-product-images.digital.rema1000.dk/30225/1-small-Ea91vGRPzY.webp", "medium": "https://rema-product-images.digital.rema1000.dk/30225/1-medium-Ea91vGRPzY.webp", "large": "https://rema-product-images.digital.rema1000.dk/30225/1-large-Ea91vGRPzY.webp"}], "prices": [{"price": 27.95, "price_over_max_quantity": null, "max_quantity": null, "is_advertised": false, "is_campaign": false, "starting_at": "2025-01-16T00:00:00+00:00", "ending_at": "2099-12-31T00:00:00+00:00", "deposit": null, "compare_unit": "kg", "compare_unit_price": 96.38, "consumption_unit": null, "consumption_quantity": null}], "temperature_zone": "refrigerated_5_degrees_celsius", "is_self_scale_item": false, "is_weight_item": false, "is_available_in_all_stores": true, "is_batch_item": false}
{"id": 30319, "name": "STEGE SILD I BIDDER", "underline": "250 GR. / FISKEMANDENS", "age_limit": null, "hazard_precaution_statements": [], "labels": [], "description": null, "info": "Handelsbetegnelse: Clupea harengus (Sild, almindelig sild (koldrøget som kippers), strømming)\nProduktionsmetode: Marine fiskeri (Maritim fiskeri)\nFangstområde: Norskehavet, Svalbard og Bjørneø\nFiskeredskabskategori: Skovlflydetrawl (OTM)", "images": [{"small": "https://rema-product-images.digital.rema1000.dk/30319/1-small-rDq65L3obW.webp", "medium": "https://rema-product-images.digital.rema1000.dk/30319/1-medium-rDq65L3obW.webp", "large": "https://rema-product-images.digital.rema1000.dk/30319/1-large-rDq65L3obW.webp"}], "prices": [{"price": 24.95, "price_over_max_quantity": null, "max_quantity": null, "is_advertised": false, "is_campaign": false, "starting_at": "2024-11-04T00:00:00+00:00", "ending_at": "2099-12-31T00:00:00+00:00", "deposit": null, "compare_unit": "kg", "compare_unit_price": 99.8, "consumption_unit": null, "consumption_quantity": null}], "temperature_zone": "refrigerated_5_degrees_celsius", "is_self_scale_item": false, "is_weight_item": false, "is_available_in_all_stores": true, "is_batch_item": false}
{"id": 30349, "name": "RØD STENBIDERROGN", "underline": "50 GR. / ROYAL GREENLAND", "age_limit": null, "hazard_precaution_statements": [], "labels": [{"id": 9, "name": "MSC", "image": "https://static-assets.digital.rema1000.dk/product/labels/9-64.webp"}, {"id": 40, "name": "Nøglehul", "image": "https://static-assets.digital.rema1000.dk/product/labels/40-64.webp"}], "description": null, "info": "", "images": [{"small": "https://rema-product-images.digital.rema1000.dk/30349/1-small-xQq8rLJPZd.webp", "medium": "https://rema-product-images.digital.rema1000.dk/30349/1-medium-xQq8rLJPZd.webp", "large": "https://rema-product-images.digital.rema1000.dk/30349/1-large-xQq8rLJPZd.webp"}], "prices": [{"price": 14.95, "price_over_max_quantity": null, "max_quantity": null, "is_advertised": false, "is_campaign": false, "starting_at": "2024-07-25T00:00:00+00:00", "ending_at": "2099-12-31T00:00:00+00:00", "deposit": null, "compare_unit": "kg", "compare_unit_price": 299, "consumption_unit": null, "consumption_quantity": null}], "temperature_zone": "refrigerated_5_degrees_celsius", "is_self_scale_item": false, "is_weight_item": false, "is_available_in_all_stores": true, "is_batch_item": false}
{"id": 30350, "name": "SORT STENBIDERROGN", "underline": "50 GR. / ROYAL GREENLAND", "age_limit": null, "hazard_precaution_statements": [], "labels": [{"id": 9, "name": "MSC", "image": "https://static-assets.digital.rema1000.dk/product/labels/9-64.webp"}, {"id": 40, "name": "Nøglehul", "image": "https://static-assets.digital.rema1000.dk/product/labels/40-64.webp"}], "description": null, "info": "", "images": [{"small": "https://rema-product-images.digital.rema1000.dk/30350/1-small-vVorjXWo3z.webp", "medium": "https://rema-product-images.digital.rema1000.dk/30350/1-medium-vVorjXWo3z.webp", "large": "https://rema-product-images.digital.rema1000.dk/30350/1-large-vVorjXWo3z.webp"}], "prices": [{"price": 14.95, "price_over_max_quantity": null, "max_quantity": null, "is_advertised": false, "is_campaign": false, "starting_at": "2024-07-25T00:00:00+00:00", "ending_at": "2099-12-31T00:00:00+00:00", "deposit": null, "compare_unit": "kg", "compare_unit_price": 299, "consumption_unit": null, "consumption_quantity": null}], "temperature_zone": "refrigerated_5_degrees_celsius", "is_self_scale_item": false, "is_weight_item": false, "is_available_in_all_stores": true, "is_batch_item": false}
{"id": 304000, "name": "BANAN", "underline": "1 STK. / COLOMBIA KL. 1", "age_limit": null, "hazard_precaution_statements": [], "labels": [{"id": 95, "name": "Rainforest Alliance", "image": "https://static-assets.digital.rema1000.dk/product/labels/95-64.webp"}], "description": "Oprindelsen kan være forskellig fra dag til dag. Bananerne kommer fra et af følgende lande: Costa Rica, Colombia, Cameroon, Ecuador, Guatemala, Nicaragua, Brasilien el. Panama.", "info": "Oprindelsesland: Colombia", "images": [{"small": "https://rema-product-images.digital.rema1000.dk/304000/1-small-xePwRAyx9w.webp", "medium": "https://rema-product-images.digital.rema1000.dk/304000/1-medium-xePwRAyx9w.webp", "large": "https://rema-product-images.digital.rema1000.dk/304000/1-large-xePwRAyx9w.webp"}], "prices": [{"price": 2.5, "price_over_max_quantity": null, "max_quantity": null, "is_advertised": false, "is_campaign": false, "starting_at": "2023-04-02T00:00:00+00:00", "ending_at": "2099-12-31T00:00:00+00:00", "deposit": null, "compare_unit": "stk", "compare_unit_price": 2.5, "consumption_unit": null, "consumption_quantity": null}], "temperature_zone": null, "is_self_scale_item": false, "is_weight_item": false, "is_available_in_all_stores": true, "is_batch_item": false}
{"id": 304020, "name": "ØKO. BANANER FAIRTRADE", "underline": "1 BDT. / LAND/KL.: SE VAREN", "age_limit": null, "hazard_precaution_statements": [], "labels": [{"id": 5, "name": "Økologi", "image": "https://static-assets.digital.rema1000.dk/product/labels/5-64.webp"}, {"id": 41, "name": "Fairtrade", "image": "https://static-assets.digital.rema1000.dk/product/labels/41-64.webp"}], "description": "Oprindelsen kan være forskellig fra dag til dag. Bananerne kommer fra et af følgende lande: Domonikanske Republik el. Ecuador. Oprindelsen af varen i den konkrete pakning, fremgår af mærkningen på pakken.", "info": "Oprindelsesland: Se varen", "images": [{"small": "https://rema-product-images.digital.rema1000.dk/304020/1-small-AKqexlbnop.webp", "medium": "https://rema-product-images.digital.rema1000.dk/304020/1-medium-AKqexlbnop.webp", "large": "https://rema-product-images.digital.rema1000.dk/304020/1-large-AKqexlbnop.webp"}], "prices": [{"price": 10, "price_over_max_quantity": null, "max_quantity": null, "is_advertised": false, "is_campaign": false, "starting_at": "2024-08-25T00:00:00+00:00", "ending_at": "2099-12-31T00:00:00+00:00", "deposit": null, "compare_unit": "bdt", "compare_unit_price": 10, "consumption_unit": null, "consumption_quantity": null}], "temperature_zone": null, "is_self_scale_item": false, "is_weight_item": false, "is_available_in_all_stores": true, "is_batch_item": false}
{"id": 304070, "name": "ROYAL GALA ÆBLER", "underline": "1 STK. / ITALIEN KL. 1, STR. 70/75 MM", "age_limit": null, "hazard_precaution_statements": [], "labels": [], "description": null, "info": "Oprindelsesland: Italien", "images": [{"small": "https://rema-product-images.digital.rema1000.dk/304070/1-small-kOq3WZ34q6.webp", "medium": "https://rema-product-images.digital.rema1000.dk/304070/1-medium-kOq3WZ34q6.webp", "large": "https://rema-product-images.digital.rema1000.dk/304070/1-large-kOq3WZ34q6.webp"}], "prices": [{"price": 2.5, "price_over_max_quantity": null, "max_quantity": null, "is_advertised": false, "is_campaign": false, "starting_at": "2022-05-24T00:00:00+00:00", "ending_at": "2099-12-31T00:00:00+00:00", "deposit": null, "compare_unit": "stk", "compare_unit_price": 2.5, "consumption_unit": null, "consumption_quantity": null}], "temperature_zone": null, "is_self_scale_item": false, "is_weight_item": false, "is_available_in_all_stores": true, "is_batch_item": false}
{"id": 304320, "name": "PÆRER TRIUMPH", "underline": "1 STK. / HOLLAND KL.1,STR. 55/65 MM", "age_limit": null, "hazard_precaution_statements": [], "labels": [], "description": null, "info": "Oprindelsesland: Holland", "images": [{"small": "https://rema-product-images.digital.rema1000.dk/304320/1-small-AKqexlM2op.webp", "medium": "https://rema-product-images.digital.rema1000.dk/304320/1-medium-AKqexlM2op.webp", "large": "https://rema-product-images.digital.rema1000.dk/304320/1-large-AKqexlM2op.webp"}], "prices": [{"price": 3, "price_over_max_quantity": null, "max_quantity": null, "is_advertised": false, "is_campaign": false, "starting_at": "2025-08-09T00:00:00+00:00", "ending_at": "2099-12-31T00:00:00+00:00", "deposit": null, "compare_unit": "stk", "compare_unit_price": 3, "consumption_unit": null, "consumption_quantity": null}], "temperature_zone": null, "is_self_scale_item": false, "is_weight_item": false, "is_available_in_all_stores": true, "is_batch_item": false}
{"id": 304420, "name": "APPELSIN SYDAFRIKA", "underline": "1 STK. / FRUGTEN ER OVERFLADEBEH. KL.1", "age_limit": null, "hazard_precaution_statements": [], "labels": [], "description": null, "info": "Oprindelsesland: Sydafrikanske Republik", "images": [{"small": "https://rema-product-images.digital.rema1000.dk/304420/1-small-AKqexlGRop.webp", "medium": "https://rema-product-images.digital.rema1000.dk/304420/1-medium-AKqexlGRop.webp", "large": "https://rema-product-images.digital.rema1000.dk/304420/1-large-AKqexlGRop.webp"}], "prices": [{"price": 3.5, "price_over_max_quantity": null, "max_quantity": null, "is_advertised": false, "is_campaign": false, "starting_at": "2025-06-26T00:00:00+00:00", "ending_at": "2099-12-31T00:00:00+00:00", "deposit": null, "compare_unit": "stk", "compare_unit_price": 3.5, "consumption_unit": null, "consumption_quantity": null}], "temperature_zone": null, "is_self_scale_item": false, "is_weight_item": false, "is_available_in_all_stores": true, "is_batch_item": false}
{"id": 304444, "name": "NEKTARINER", "underline": "1 STK. / ITALIEN KL.1, STR. MIN. 56", "age_limit": null, "hazard_precaution_statements": [], "labels": [], "description": null, "info": "Oprindelsesland: Italien", "images": [{"small": "https://rema-product-images.digital.rema1000.dk/304444/1-small-xePwRAXJ9w.webp", "medium": "https://rema-product-images.digital.rema1000.dk/304444/1-medium-xePwRAXJ9w.webp", "large": "https://rema-product-images.digital.rema1000.dk/304444/1-large-xePwRAXJ9w.webp"}], "prices": [{"price": 3.5, "price_over_max_quantity": null, "max_quantity": null, "is_advertised": false, "is_campaign": false, "starting_at": "2025-08-03T00:00:00+00:00", "ending_at": "2099-12-31T00:00:00+00:00", "deposit": null, "compare_unit": "stk", "compare_unit_price": 3.5, "consumption_unit": null, "consumption_quantity": null}], "temperature_zone": null, "is_self_scale_item": false, "is_weight_item": false, "is_available_in_all_stores": true, "is_batch_item": false}
{"id": 304472, "name": "FERSKNER", "underline": "1 STK. / ITALIEN KL. 1, STR. MIN. 56", "age_limit": null, "hazard_precaution_statements": [], "labels": [], "description": null, "info": "Oprindelsesland: Italien", "images": [{"small": "https://rema-product-images.digital.rema1000.dk/304472/1-small-xyqaKWJpPD.webp", "medium": "https://rema-product-images.digital.rema1000.dk/304472/1-medium-xyqaKWJpPD.webp", "large": "https://rema-product-images.digital.rema1000.dk/304472/1-large-xyqaKWJpPD.webp"}], "prices": [{"price": 3.5, "price_over_max_quantity": null, "max_quantity": null, "is_advertised": false, "is_campaign": false, "starting_at": "2025-08-03T00:00:00+00:00", "ending_at": "2099-12-31T00:00:00+00:00", "deposit": null, "compare_unit": "stk", "compare_unit_price": 3.5, "consumption_unit": null, "consumption_quantity": null}], "temperature_zone": null, "is_self_scale_item": false, "is_weight_item": false, "is_available_in_all_stores": true, "is_batch_item": false}
{"id": 304500, "name": "ØKO. KIWI", "underline": "500 GR. / LAND/KL.: SE VAREN", "age_limit": null, "hazard_precaution_statements": [], "labels": [{"id": 5, "name": "Økologi", "image": "https://static-assets.digital.rema1000.dk/product/labels/5-64.webp"}], "description": "Oprindelsen kan være forskellig fra dag til dag. Kiwierne kommer fra et af følgende lande: Italien, el. Chile. Oprindelsen af varen i den konkrete pakning, fremgår af mærkningen på pakken.", "info": "Oprindelsesland: Se varen", "images": [{"small": "https://rema-product-images.digital.rema1000.dk/304500/1-small-xePwRAd19w.webp", "medium": "https://rema-product-images.digital.rema1000.dk/304500/1-medium-xePwRAd19w.webp", "large": "https://rema-product-images.digital.rema1000.dk/304500/1-large-xePwRAd19w.webp"}], "prices": [{"price": 20, "price_over_max_quantity": null, "max_quantity": null, "is_advertised": false, "is_campaign": false, "starting_at": "2025-05-18T00:00:00+00:00", "ending_at": "2099-12-31T00:00:00+00:00", "deposit": null, "compare_unit": "kg", "compare_unit_price": 40, "consumption_unit": null, "consumption_quantity": null}], "temperature_zone": null, "is_self_scale_item": false, "is_weight_item": false, "is_available_in_all_stores": true, "is_batch_item": false}
{"id": 304529, "name": "CLEMENTIN SYDAFRIKA", "underline": "1 STK. / FRUGTEN ER OVERF.BEH. KL1", "age_limit": null, "hazard_precaution_statements": [], "labels": [], "description": null, "info": "Oprindelsesland: Sydafrikanske Republik", "images": [{"small": "https://rema-product-images.digital.rema1000.dk/304529/1-small-pYqxKpG2o1.webp", "medium": "https://rema-product-images.digital.rema1000.dk/304529/1-medium-pYqxKpG2o1.webp", "large": "https://rema-product-images.digital.rema1000.dk/304529/1-large-pYqxKpG2o1.webp"}], "prices": [{"price": 2.5, "price_over_max_quantity": null, "max_quantity": null, "is_advertised": false, "is_campaign": false, "starting_at": "2024-11-24T00:00:00+00:00", "ending_at": "2099-12-31T00:00:00+00:00", "deposit": null, "compare_unit": "stk", "compare_unit_price": 2.5, "consumption_unit": null, "consumption_quantity": null}], "temperature_zone": null, "is_self_scale_item": false, "is_weight_item": false, "is_available_in_all_stores": true, "is_batch_item": false}
{"id": 304534, "name": "BLOMMER", "underline": "1 STK. / ITALIEN KL.1", "age_limit": null, "hazard_precaution_statements": [], "labels": [], "description": null, "info": "Oprindelsesland: Italien", "images": [{"small": "https://rema-product-images.digital.rema1000.dk/304534/1-small-yLqGY4gdPd.webp", "medium": "https://rema-product-images.digital.rema1000.dk/304534/1-medium-yLqGY4gdPd.webp", "large": "https://rema-product-images.digital.rema1000.dk/304534/1-large-yLqGY4gdPd.webp"}], "prices": [{"price": 2, "price_over_max_quantity": null, "max_quantity": null, "is_advertised": false, "is_campaign": false, "starting_at": "2025-06-14T00:00:00+00:00", "ending_at": "2025-09-06T00:00:00+00:00", "deposit": null, "compare_unit": "stk", "compare_unit_price": 2, "consumption_unit": null, "consumption_quantity": null}], "temperature_zone": null, "is_self_scale_item": false, "is_weight_item": false, "is_available_in_all_stores": true, "is_batch_item": false}
{"id": 304552, "name": "GRAPE SYDAFRIKA KL. 1", "underline": "1 STK. / FRUGTEN ER OVERFLADEBEH.", "age_limit": null, "hazard_precaution_statements": [], "labels": [], "description": null, "info": "Oprindelsesland: Sydafrikanske Republik", "images": [{"small": "https://rema-product-images.digital.rema1000.dk/304552/1-small-NpP7bnml9O.webp", "medium": "https://rema-product-images.digital.rema1000.dk/304552/1-medium-NpP7bnml9O.webp", "large": "https://rema-product-images.digital.rema1000.dk/304552/1-large-NpP7bnml9O.webp"}], "prices": [{"price": 6, "price_over_max_quantity": null, "max_quantity": null, "is_advertised": false, "is_campaign": false, "starting_at": "2025-08-11T00:00:00+00:00", "ending_at": "2099-12-31T00:00:00+00:00", "deposit": null, "compare_unit": "stk", "compare_unit_price": 6, "consumption_unit": null, "consumption_quantity": null}], "temperature_zone": null, "is_self_scale_item": false, "is_weight_item": false, "is_available_in_all_stores": false, "is_batch_item": false}
{"id": 304561, "name": "CITRON SYDAFRIKA KL.1", "underline": "1 STK. / FRUGTEN ER OVERFLADEBEH.", "age_limit": null, "hazard_precaution_statements": [], "labels": [], "description": null, "info": "Oprindelsesland: Sydafrikanske Republik", "images": [{"small": "https://rema-product-images.digital.rema1000.dk/304561/1-small-Z8qp8mQYq3.webp", "medium": "https://rema-product-images.digital.rema1000.dk/304561/1-medium-Z8qp8mQYq3.webp", "large": "https://rema-product-images.digital.rema1000.dk/304561/1-large-Z8qp8mQYq3.webp"}], "prices": [{"price": 5, "price_over_max_quantity": null, "max_quantity": null, "is_advertised": false, "is_campaign": false, "starting_at": "2025-08-10T00:00:00+00:00", "ending_at": "2099-12-31T00:00:00+00:00", "deposit": null, "compare_unit": "stk", "compare_unit_price": 5, "consumption_unit": null, "consumption_quantity": null}], "temperature_zone": null, "is_self_scale_item": false, "is_weight_item": false, "is_available_in_all_stores": true, "is_batch_item": false}
{"id": 304585, "name": "ØKO. CITRONER", "underline": "250 GR. / LAND/KL.: SE VAREN", "age_limit": null, "hazard_precaution_statements": [], "labels": [{"id": 5, "name": "Økologi", "image": "https://static-assets.digital.rema1000.dk/product/labels/5-64.webp"}], "description": "Oprindelsen kan være forskellig fra dag til dag. Citronerne kommer fra et af følgende lande: Italien, Spanien, Grækenland, Argentina, Chile, Domunikanske Republik el. Sydafrika. Oprindelsen af varen i den konkrete pakning, fremgår af mærkningen på pakken.", "info": "Oprindelsesland: Se varen", "images": [{"small": "https://rema-product-images.digital.rema1000.dk/304585/1-small-we9EzAx7Pg.webp", "medium": "https://rema-product-images.digital.rema1000.dk/304585/1-medium-we9EzAx7Pg.webp", "large": "https://rema-product-images.digital.rema1000.dk/304585/1-large-we9EzAx7Pg.webp"}], "prices": [{"price": 8, "price_over_max_quantity": null, "max_quantity": null, "is_advertised": false, "is_campaign": false, "starting_at": "2025-08-17T00:00:00+00:00", "ending_at": "2099-12-31T00:00:00+00:00", "deposit": null, "compare_unit": "kg", "compare_unit_price": 32, "consumption_unit": null, "consumption_quantity": null}], "temperature_zone": null, "is_self_scale_item": false, "is_weight_item": false, "is_available_in_all_stores": true, "is_batch_item": false}
{"id": 304740, "name": "ÆBLER I POSE", "underline": "1.5 KG. / LAND/KL.: SE VAREN", "age_limit": null, "hazard_precaution_statements": [], "labels": [], "description": "Oprindelsen kan være forskellig fra dag til dag. Æblerne kommer fra et af følgende lande: Tyskland eller Beligen. Oprindelsen af varen i den konkrete pakning, fremgår af mærkningen på pakken.", "info": "Oprindelsesland: Se varen", "images": [{"small": "https://rema-product-images.digital.rema1000.dk/304740/1-small-rQqQ8Waxoe.webp", "medium": "https://rema-product-images.digital.rema1000.dk/304740/1-medium-rQqQ8Waxoe.webp", "large": "https://rema-product-images.digital.rema1000.dk/304740/1-large-rQqQ8Waxoe.webp"}], "prices": [{"price": 18, "price_over_max_quantity": null, "max_quantity": null, "is_advertised": false, "is_campaign": false, "starting_at": "2024-08-04T00:00:00+00:00", "ending_at": "2099-12-31T00:00:00+00:00", "deposit": null, "compare_unit": "kg", "compare_unit_price": 12, "consumption_unit": null, "consumption_quantity": null}], "temperature_zone": null, "is_self_scale_item": false, "is_weight_item": false, "is_available_in_all_stores": true, "is_batch_item": false}
{"id": 304772, "name": "PINK LADY I BAKKE", "underline": "1 BAKKE / LAND/KL.: SE VAREN", "age_limit": null, "hazard_precaution_statements": [], "labels": [], "description": "Oprindelsen kan være forskelligt fra dag til dag. Æblerne kommer fra et af følgende lande: Sydafrika, Chile el. Argentina. Oprindelse af varen i den konkrete pakning fremgår af mærkningen på pakken", "info": "Oprindelsesland: Se varen", "images": [{"small": "https://rema-product-images.digital.rema1000.dk/304772/1-small-xyqaKWeVPD.webp", "medium": "https://rema-product-images.digital.rema1000.dk/304772/1-medium-xyqaKWeVPD.webp", "large": "https://rema-product-images.digital.rema1000.dk/304772/1-large-xyqaKWeVPD.webp"}], "prices": [{"price": 27, "price_over_max_quantity": null, "max_quantity": null, "is_advertised": false, "is_campaign": false, "starting_at": "2024-06-26T00:00:00+00:00", "ending_at": "2099-12-31T00:00:00+00:00", "deposit": null, "compare_unit": "bakke", "compare_unit_price": 27, "consumption_unit": null, "consumption_quantity": null}], "temperature_zone": null, "is_self_scale_item": false, "is_weight_item": false, "is_available_in_all_stores": false, "is_batch_item": false}
{"id": 304785, "name": "ØKO. ÆBLER", "underline": "1 BAKKE / LAND KL: SE VAREN", "age_limit": null, "hazard_precaution_statements": [], "labels": [{"id": 5, "name": "Økologi", "image": "https://static-assets.digital.rema1000.dk/product/labels/5-64.webp"}], "description": "Oprindelsen kan være forskellig fra dag til dag. Æblerne kommer fra et af følgende lande: Sydafrika,Holland, Argentina, Chile, Italien el. New Zeeland Oprindelsen af varen i den konkrete pakning, fremgår af mærkningen på pakken.", "info": "Oprindelsesland: Se varen", "images": [{"small": "https://rema-product-images.digital.rema1000.dk/304785/1-small-we9EzA5kPg.webp", "medium": "https://rema-product-images.digital.rema1000.dk/304785/1-medium-we9EzA5kPg.webp", "large": "https://rema-product-images.digital.rema1000.dk/304785/1-large-we9EzA5kPg.webp"}], "prices": [{"price": 22, "price_over_max_quantity": null, "max_quantity": null, "is_advertised": false, "is_campaign": false, "starting_at": "2023-01-29T00:00:00+00:00", "ending_at": "2099-12-31T00:00:00+00:00", "deposit": null, "compare_unit": "bakke", "compare_unit_price": 22, "consumption_unit": null, "consumption_quantity": null}], "temperature_zone": null, "is_self_scale_item": false, "is_weight_item": false, "is_available_in_all_stores": true, "is_batch_item": false}
{"id": 304795, "name": "ØKO BLÅBÆR", "underline": "125 GR. / DANMARK KL. 1", "age_limit": null, "hazard_precaution_statements": [], "labels": [{"id": 6, "name": "Økologi", "image": "https://static-assets.digital.rema1000.dk/product/labels/6-64.webp"}, {"id": 70, "name": "Dansk", "image": "https://static-assets.digital.rema1000.dk/product/labels/70-64.webp"}], "description": null, "info": "Oprindelsesland: Danmark", "images": [{"small": "https://rema-product-images.digital.rema1000.dk/304795/1-small-v09gjwDzqA.webp", "medium": "https://rema-product-images.digital.rema1000.dk/304795/1-medium-v09gjwDzqA.webp", "large": "https://rema-product-images.digital.rema1000.dk/304795/1-large-v09gjwDzqA.webp"}], "prices": [{"price": 22, "price_over_max_quantity": null, "max_quantity": null, "is_advertised": false, "is_campaign": false, "starting_at": "2024-09-08T00:00:00+00:00", "ending_at": "2099-12-31T00:00:00+00:00", "deposit": null, "compare_unit": "kg", "compare_unit_price": 176, "consumption_unit": null, "consumption_quantity": null}], "temperature_zone": null, "is_self_scale_item": false, "is_weight_item": false, "is_available_in_all_stores": false, "is_batch_item": false}
{"id": 304823, "name": "DANSKE BLÅBÆR", "underline": "125 GR. / DANMARK KL. 1", "age_limit": null, "hazard_precaution_statements": [], "labels": [{"id": 70, "name": "Dansk", "image": "https://static-assets.digital.rema1000.dk/product/labels/70-64.webp"}], "description": null, "info": "Oprindelsesland: Danmark", "images": [{"small": "https://rema-product-images.digital.rema1000.dk/304823/1-small-MNqZay3WoA.webp", "medium": "https://rema-product-images.digital.rema1000.dk/304823/1-medium-MNqZay3WoA.webp", "large": "https://rema-product-images.digital.rema1000.dk/304823/1-large-MNqZay3WoA.webp"}], "prices": [{"price": 17, "price_over_max_quantity": null, "max_quantity": null, "is_advertised": false, "is_campaign": false, "starting_at": "2025-08-10T00:00:00+00:00", "ending_at": "2099-12-31T00:00:00+00:00", "deposit": null, "compare_unit": "kg", "compare_unit_price": 136, "consumption_unit": null, "consumption_quantity": null}], "temperature_zone": null, "is_self_scale_item": false, "is_weight_item": false, "is_available_in_all_stores": true, "is_batch_item": false}
{"id": 304828, "name": "HINDBÆR", "underline": "125 GR. / DANMARK KL.1", "age_limit": null, "hazard_precaution_statements": [], "labels": [{"id": 70, "name": "Dansk", "image": "https://static-assets.digital.rema1000.dk/product/labels/70-64.webp"}], "description": null, "info": "Oprindelsesland: Danmark", "images": [{"small": "https://rema-product-images.digital.rema1000.dk/304828/1-small-xyqaKWD8PD.webp", "medium": "https://rema-product-images.digital.rema1000.dk/304828/1-medium-xyqaKWD8PD.webp", "large": "https://rema-product-images.digital.rema1000.dk/304828/1-large-xyqaKWD8PD.webp"}], "prices": [{"price": 22, "price_over_max_quantity": null, "max_quantity": null, "is_advertised": false, "is_campaign": false, "starting_at": "2025-08-03T00:00:00+00:00", "ending_at": "2099-12-31T00:00:00+00:00", "deposit": null, "compare_unit": "kg", "compare_unit_price": 176, "consumption_unit": null, "consumption_quantity": null}], "temperature_zone": null, "is_self_scale_item": false, "is_weight_item": false, "is_available_in_all_stores": true, "is_batch_item": false}
{"id": 304834, "name": "BROMBÆR", "underline": "125 GR. / DANMARK KL.1", "age_limit": null, "hazard_precaution_statements": [], "labels": [{"id": 70, "name": "Dansk", "image": "https://static-assets.digital.rema1000.dk/product/labels/70-64.webp"}], "description": null, "info": "Oprindelsesland: Danmark", "images": [{"small": "https://rema-product-images.digital.rema1000.dk/304834/1-small-yLqGY4DjPd.webp", "medium": "https://rema-product-images.digital.rema1000.dk/304834/1-medium-yLqGY4DjPd.webp", "large": "https://rema-product-images.digital.rema1000.dk/304834/1-large-yLqGY4DjPd.webp"}], "prices": [{"price": 22, "price_over_max_quantity": null, "max_quantity": null, "is_advertised": false, "is_campaign": false, "starting_at": "2024-09-15T00:00:00+00:00", "ending_at": "2099-12-31T00:00:00+00:00", "deposit": null, "compare_unit": "kg", "compare_unit_price": 176, "consumption_unit": null, "consumption_quantity": null}], "temperature_zone": null, "is_self_scale_item": false, "is_weight_item": false, "is_available_in_all_stores": false, "is_batch_item": false}
{"id": 304835, "name": "GRØNNE DRUER", "underline": "1 KG. / LAND/KL.: SE VAREN", "age_limit": null, "hazard_precaution_statements": [], "labels": [], "description": "Oprindelsen af varen i den konkrete pakning, fremgår af mærkningen på pakken. Druerne kommer fra et af følgende lande: Italien, Grækenland el. Spanien. Oprindelsen af varen i den konkrete pakning, fremgår af mærkningen på pakken.", "info": "Oprindelsesland: Se varen", "images": [{"small": "https://rema-product-images.digital.rema1000.dk/304835/1-small-Gb9kw5Gw97.webp", "medium": "https://rema-product-images.digital.rema1000.dk/304835/1-medium-Gb9kw5Gw97.webp", "large": "https://rema-product-images.digital.rema1000.dk/304835/1-large-Gb9kw5Gw97.webp"}], "prices": [{"price": 28, "price_over_max_quantity": null, "max_quantity": null, "is_advertised": false, "is_campaign": false, "starting_at": "2025-08-03T00:00:00+00:00", "ending_at": "2099-12-31T00:00:00+00:00", "deposit": null, "compare_unit": "kg", "compare_unit_price": 28, "consumption_unit": null, "consumption_quantity": null}], "temperature_zone": null, "is_self_scale_item": false, "is_weight_item": false, "is_available_in_all_stores": false, "is_batch_item": false}
{"id": 304838, "name": "STENFRI GRØNNE DRUER", "underline": "400 GR. / ITALIEN KL. 1 SORT: COTTON CANDY", "age_limit": null, "hazard_precaution_statements": [], "labels": [], "description": "Grønne Druer", "info": "Oprindelsesland: Italien", "images": [{"small": "https://rema-product-images.digital.rema1000.dk/304838/1-small-MBoN7NL0qv.webp", "medium": "https://rema-product-images.digital.rema1000.dk/304838/1-medium-MBoN7NL0qv.webp", "large": "https://rema-product-images.digital.rema1000.dk/304838/1-large-MBoN7NL0qv.webp"}], "prices": [{"price": 25, "price_over_max_quantity": null, "max_quantity": null, "is_advertised": false, "is_campaign": false, "starting_at": "2025-08-10T00:00:00+00:00", "ending_at": "2025-08-23T00:00:00+00:00", "deposit": null, "compare_unit": "kg", "compare_unit_price": 62.5, "consumption_unit": null, "consumption_quantity": null}], "temperature_zone": null, "is_self_scale_item": false, "is_weight_item": false, "is_available_in_all_stores": true, "is_batch_item": false}
{"id": 304841, "name": "GRØNNE STENFRI DRUER", "underline": "500 GR. / LAND/KL.: SE VAREN", "age_limit": null, "hazard_precaution_statements": [], "labels": [], "description": "Oprindelsen af varen i den konkrete pakning, fremgår af mærkningen på pakken. Druerne kommer fra et af følgende lande: Spanien, Sydafrika, Peru, Chile, Grækenland el. Brasilien. Oprindelsen af varen i den konkrete pakning, fremgår af mærkningen på pakken.", "info": "Oprindelsesland: Se varen", "images": [{"small": "https://rema-product-images.digital.rema1000.dk/304841/1-small-we9EzAD6Pg.webp", "medium": "https://rema-product-images.digital.rema1000.dk/304841/1-medium-we9EzAD6Pg.webp", "large": "https://rema-product-images.digital.rema1000.dk/304841/1-large-we9EzAD6Pg.webp"}], "prices": [{"price": 24, "price_over_max_quantity": null, "max_quantity": null, "is_advertised": false, "is_campaign": false, "starting_at": "2025-07-04T00:00:00+00:00", "ending_at": "2025-08-30T00:00:00+00:00", "deposit": null, "compare_unit": "kg", "compare_unit_price": 48, "consumption_unit": null, "consumption_quantity": null}], "temperature_zone": null, "is_self_scale_item": false, "is_weight_item": false, "is_available_in_all_stores": true, "is_batch_item": false}
{"id": 304850, "name": "RØDE DRUER STENFRI", "underline": "500 GR. / LAND/KL.: SE VAREN", "age_limit": null, "hazard_precaution_statements": [], "labels": [], "description": "Oprindelsen kan være forskellig fra dag til dag. Druerne kommer fra et af følgende lande: Italien, Spanien , Grækenland el. Marokko. Oprindelsen af varen i den konkrete pakning, fremgår af mærkningen på pakken.", "info": "Oprindelsesland: Se varen", "images": [{"small": "https://rema-product-images.digital.rema1000.dk/304850/1-small-vVorEV2JP3.webp", "medium": "https://rema-product-images.digital.rema1000.dk/304850/1-medium-vVorEV2JP3.webp", "large": "https://rema-product-images.digital.rema1000.dk/304850/1-large-vVorEV2JP3.webp"}], "prices": [{"price": 24, "price_over_max_quantity": null, "max_quantity": null, "is_advertised": false, "is_campaign": false, "starting_at": "2024-11-24T00:00:00+00:00", "ending_at": "2099-12-31T00:00:00+00:00", "deposit": null, "compare_unit": "kg", "compare_unit_price": 48, "consumption_unit": null, "consumption_quantity": null}], "temperature_zone": null, "is_self_scale_item": false, "is_weight_item": false, "is_available_in_all_stores": true, "is_batch_item": false}
{"id": 304853, "name": "RØDE DRUER", "underline": "1 KG. / LAND/KL.: SE VAREN", "age_limit": null, "hazard_precaution_statements": [], "labels": [], "description": "Oprindelsen kan være forskellig fra dag til dag. Druerne kommer fra et af følgende lande: Grænkenland, Spanien el. Italien. Oprindelsen af varen i den konkrete pakning, fremgår af mærkningen på pakken.", "info": "Oprindelsesland: Se varen", "images": [{"small": "https://rema-product-images.digital.rema1000.dk/304853/1-small-aboK7zDWop.webp", "medium": "https://rema-product-images.digital.rema1000.dk/304853/1-medium-aboK7zDWop.webp", "large": "https://rema-product-images.digital.rema1000.dk/304853/1-large-aboK7zDWop.webp"}], "prices": [{"price": 20, "price_over_max_quantity": null, "max_quantity": null, "is_advertised": false, "is_campaign": false, "starting_at": "2025-08-17T00:00:00+00:00", "ending_at": "2099-12-31T00:00:00+00:00", "deposit": null, "compare_unit": "kg", "compare_unit_price": 20, "consumption_unit": null, "consumption_quantity": null}], "temperature_zone": null, "is_self_scale_item": false, "is_weight_item": false, "is_available_in_all_stores": true, "is_batch_item": false}
{"id": 304857, "name": "ØKO. DRUER", "underline": "500 GR. / LAND/KL.: SE VAREN", "age_limit": null, "hazard_precaution_statements": [], "labels": [{"id": 5, "name": "Økologi", "image": "https://static-assets.digital.rema1000.dk/product/labels/5-64.webp"}], "description": "Oprindelsen kan være forskellig fra dag til dag. Druerne kommer fra et af følgende lande: Italien, Spanien , Grækenland el. Marokko. Oprindelsen af varen i den konkrete pakning, fremgår af mærkningen på pakken.", "info": "Oprindelsesland: Se varen", "images": [{"small": "https://rema-product-images.digital.rema1000.dk/304857/1-small-wyPbzWOWPE.webp", "medium": "https://rema-product-images.digital.rema1000.dk/304857/1-medium-wyPbzWOWPE.webp", "large": "https://rema-product-images.digital.rema1000.dk/304857/1-large-wyPbzWOWPE.webp"}], "prices": [{"price": 28, "price_over_max_quantity": null, "max_quantity": null, "is_advertised": false, "is_campaign": false, "starting_at": "2025-08-10T00:00:00+00:00", "ending_at": "2099-12-31T00:00:00+00:00", "deposit": null, "compare_unit": "kg", "compare_unit_price": 56, "consumption_unit": null, "consumption_quantity": null}], "temperature_zone": null, "is_self_scale_item": false, "is_weight_item": false, "is_available_in_all_stores": true, "is_batch_item": false}
{"id": 304865, "name": "ABRIKOSER I BAKKE", "underline": "500 GR. / LAND/KL.: SE VAREN", "age_limit": null, "hazard_precaution_statements": [], "labels": [], "description": "Oprindelsen kan være forskellig fra dag til dag. Abrikoserne kommer fra et af følgende lande: Spanien, Grækenland eller Italien Oprindelsen af varen i den konkrete pakning, fremgår af mærkningen på pakken.", "info": "Oprindelsesland: Se varen", "images": [{"small": "https://rema-product-images.digital.rema1000.dk/304865/1-small-bJ9YzWOnPL.webp", "medium": "https://rema-product-images.digital.rema1000.dk/304865/1-medium-bJ9YzWOnPL.webp", "large": "https://rema-product-images.digital.rema1000.dk/304865/1-large-bJ9YzWOnPL.webp"}], "prices": [{"price": 18, "price_over_max_quantity": null, "max_quantity": null, "is_advertised": false, "is_campaign": false, "starting_at": "2025-06-29T00:00:00+00:00", "ending_at": "2099-12-31T00:00:00+00:00", "deposit": null, "compare_unit": "kg", "compare_unit_price": 36, "consumption_unit": null, "consumption_quantity": null}], "temperature_zone": null, "is_self_scale_item": false, "is_weight_item": false, "is_available_in_all_stores": true, "is_batch_item": false}
{"id": 304869, "name": "NEKTARINER I BAKKE", "underline": "1 KG. / LAND/KL.: SE VAREN", "age_limit": null, "hazard_precaution_statements": [], "labels": [], "description": "Oprindelsen kan være forskellig fra dag til dag. Nektarinerne kommer fra et af følgende lande: Spanien, Grækenland el. Italien. Oprindelsen af varen i den konkrete pakning, fremgår af mærkningen på bakken.", "info": "Oprindelsesland: Se varen", "images": [{"small": "https://rema-product-images.digital.rema1000.dk/304869/1-small-Ea91mYrW9z.webp", "medium": "https://rema-product-images.digital.rema1000.dk/304869/1-medium-Ea91mYrW9z.webp", "large": "https://rema-product-images.digital.rema1000.dk/304869/1-large-Ea91mYrW9z.webp"}], "prices": [{"price": 23, "price_over_max_quantity": null, "max_quantity": null, "is_advertised": false, "is_campaign": false, "starting_at": "2025-08-03T00:00:00+00:00", "ending_at": "2099-12-31T00:00:00+00:00", "deposit": null, "compare_unit": "kg", "compare_unit_price": 23, "consumption_unit": null, "consumption_quantity": null}], "temperature_zone": null, "is_self_scale_item": false, "is_weight_item": false, "is_available_in_all_stores": true, "is_batch_item": false}
{"id": 304879, "name": "ØKO. NEKTARINER", "underline": "500 GR. / LAND/KL.: SE VAREN", "age_limit": null, "hazard_precaution_statements": [], "labels": [{"id": 5, "name": "Økologi", "image": "https://static-assets.digital.rema1000.dk/product/labels/5-64.webp"}], "description": "Oprindelsen kan være forskellig fra dag til dag. Nektarinerne kommer fra et af følgende lande: Spanien, Grækenland el. Italien. Oprindelsen af varen i den konkrete pakning, fremgår af mærkningen på bakken.", "info": "Oprindelsesland: Se varen", "images": [{"small": "https://rema-product-images.digital.rema1000.dk/304879/1-small-Gb9kw5bw97.webp", "medium": "https://rema-product-images.digital.rema1000.dk/304879/1-medium-Gb9kw5bw97.webp", "large": "https://rema-product-images.digital.rema1000.dk/304879/1-large-Gb9kw5bw97.webp"}], "prices": [{"price": 18, "price_over_max_quantity": null, "max_quantity": null, "is_advertised": false, "is_campaign": false, "starting_at": "2025-06-29T00:00:00+00:00", "ending_at": "2099-12-31T00:00:00+00:00", "deposit": null, "compare_unit": "kg", "compare_unit_price": 36, "consumption_unit": null, "consumption_quantity": null}], "temperature_zone": null, "is_self_scale_item": false, "is_weight_item": false, "is_available_in_all_stores": true, "is_batch_item": false}
{"id": 304880, "name": "PARAGUAYOS", "underline": "450 GR. / LAND/KL.: SE VAREN", "age_limit": null, "hazard_precaution_statements": [], "labels": [], "description": "Oprindelsen kan være forskellig fra dag til dag. Paraguayous kommer fra et af følgende lande: Spanien, Grækenland el. Italien. Oprindelsen af varen i den konkrete pakning, fremgår af mærkningen på pakken.", "info": "Oprindelsesland: Se varen", "images": [{"small": "https://rema-product-images.digital.rema1000.dk/304880/1-small-7doL7mxrP6.webp", "medium": "https://rema-product-images.digital.rema1000.dk/304880/1-medium-7doL7mxrP6.webp", "large": "https://rema-product-images.digital.rema1000.dk/304880/1-large-7doL7mxrP6.webp"}], "prices": [{"price": 16, "price_over_max_quantity": null, "max_quantity": null, "is_advertised": false, "is_campaign": false, "starting_at": "2025-08-03T00:00:00+00:00", "ending_at": "2099-12-31T00:00:00+00:00", "deposit": null, "compare_unit": "kg", "compare_unit_price": 35.56, "consumption_unit": null, "consumption_quantity": null}], "temperature_zone": null, "is_self_scale_item": false, "is_weight_item": false, "is_available_in_all_stores": true, "is_batch_item": false}
{"id": 304888, "name": "ØKO. FERSKNER", "underline": "500 GR. / ITALIEN KL.1", "age_limit": null, "hazard_precaution_statements": [], "labels": [{"id": 5, "name": "Økologi", "image": "https://static-assets.digital.rema1000.dk/product/labels/5-64.webp"}], "description": null, "info": "Oprindelsesland: Italien", "images": [{"small": "https://rema-product-images.digital.rema1000.dk/304888/1-small-xePwRA5d9w.webp", "medium": "https://rema-product-images.digital.rema1000.dk/304888/1-medium-xePwRA5d9w.webp", "large": "https://rema-product-images.digital.rema1000.dk/304888/1-large-xePwRA5d9w.webp"}], "prices": [{"price": 18, "price_over_max_quantity": null, "max_quantity": null, "is_advertised": false, "is_campaign": false, "starting_at": "2025-07-16T00:00:00+00:00", "ending_at": "2099-12-31T00:00:00+00:00", "deposit": null, "compare_unit": "kg", "compare_unit_price": 36, "consumption_unit": null, "consumption_quantity": null}], "temperature_zone": null, "is_self_scale_item": false, "is_weight_item": false, "is_available_in_all_stores": false, "is_batch_item": false}
{"id": 304901, "name": "BLOMMER I BAKKE", "underline": "1 KG. / LAND/KL.: SE VAREN", "age_limit": null, "hazard_precaution_statements": [], "labels": [], "description": "Oprindelsen kan være forskellig fra dag til dag. Blommerne kommer fra et af følgende lande: Italien, Spanien el. Grækenland Oprindelsen af varen i den konkrete pakning, fremgår af mærkningen på pakken.", "info": "Oprindelsesland: Se varen", "images": [{"small": "https://rema-product-images.digital.rema1000.dk/304901/1-small-ElPBxbQbqk.webp", "medium": "https://rema-product-images.digital.rema1000.dk/304901/1-medium-ElPBxbQbqk.webp", "large": "https://rema-product-images.digital.rema1000.dk/304901/1-large-ElPBxbQbqk.webp"}], "prices": [{"price": 20, "price_over_max_quantity": null, "max_quantity": null, "is_advertised": false, "is_campaign": false, "starting_at": "2024-08-11T00:00:00+00:00", "ending_at": "2099-12-31T00:00:00+00:00", "deposit": null, "compare_unit": "kg", "compare_unit_price": 20, "consumption_unit": null, "consumption_quantity": null}], "temperature_zone": null, "is_self_scale_item": false, "is_weight_item": false, "is_available_in_all_stores": true, "is_batch_item": false}
{"id": 304910, "name": "ØKO. BLOMMER I BAKKE", "underline": "500 GR. / ITALIEN KL. 1", "age_limit": null, "hazard_precaution_statements": [], "labels": [{"id": 5, "name": "Økologi", "image": "https://static-assets.digital.rema1000.dk/product/labels/5-64.webp"}], "description": null, "info": "Oprindelsesland: Italien", "images": [{"small": "https://rema-product-images.digital.rema1000.dk/304910/1-small-Al90jepwo8.webp", "medium": "https://rema-product-images.digital.rema1000.dk/304910/1-medium-Al90jepwo8.webp", "large": "https://rema-product-images.digital.rema1000.dk/304910/1-large-Al90jepwo8.webp"}], "prices": [{"price": 18, "price_over_max_quantity": null, "max_quantity": null, "is_advertised": false, "is_campaign": false, "starting_at": "2024-08-12T00:00:00+00:00", "ending_at": "2099-12-31T00:00:00+00:00", "deposit": null, "compare_unit": "kg", "compare_unit_price": 36, "consumption_unit": null, "consumption_quantity": null}], "temperature_zone": null, "is_self_scale_item": false, "is_weight_item": false, "is_available_in_all_stores": true, "is_batch_item": false}
{"id": 305000, "name": "VANDMELON", "underline": "1 STK. / SPANIEN KL.1", "age_limit": null, "hazard_precaution_statements": [], "labels": [], "description": null, "info": "Oprindelsesland: Spanien", "images": [{"small": "https://rema-product-images.digital.rema1000.dk/305000/1-small-xePwRA4E9w.webp", "medium": "https://rema-product-images.digital.rema1000.dk/305000/1-medium-xePwRA4E9w.webp", "large": "https://rema-product-images.digital.rema1000.dk/305000/1-large-xePwRA4E9w.webp"}], "prices": [{"price": 25, "price_over_max_quantity": null, "max_quantity": null, "is_advertised": false, "is_campaign": false, "starting_at": "2025-07-06T00:00:00+00:00", "ending_at": "2099-12-31T00:00:00+00:00", "deposit": null, "compare_unit": "stk", "compare_unit_price": 25, "consumption_unit": null, "consumption_quantity": null}], "temperature_zone": null, "is_self_scale_item": false, "is_weight_item": false, "is_available_in_all_stores": true, "is_batch_item": false}
{"id": 305056, "name": "ØKO. VANDMELON", "underline": "1 STK. / ITALIEN KL. 1", "age_limit": null, "hazard_precaution_statements": [], "labels": [{"id": 5, "name": "Økologi", "image": "https://static-assets.digital.rema1000.dk/product/labels/5-64.webp"}], "description": null, "info": "Oprindelsesland: Italien", "images": [{"small": "https://rema-product-images.digital.rema1000.dk/305056/1-small-18oXaWWKqk.webp", "medium": "https://rema-product-images.digital.rema1000.dk/305056/1-medium-18oXaWWKqk.webp", "large": "https://rema-product-images.digital.rema1000.dk/305056/1-large-18oXaWWKqk.webp"}], "prices": [{"price": 35, "price_over_max_quantity": null, "max_quantity": null, "is_advertised": false, "is_campaign": false, "starting_at": "2024-08-07T00:00:00+00:00", "ending_at": "2099-12-31T00:00:00+00:00", "deposit": null, "compare_unit": "stk", "compare_unit_price": 35, "consumption_unit": null, "consumption_quantity": null}], "temperature_zone": null, "is_self_scale_item": false, "is_weight_item": false, "is_available_in_all_stores": false, "is_batch_item": false}
{"id": 305115, "name": "HONNINGMELON", "underline": "1 STK. / SPANIEN KL. 1", "age_limit": null, "hazard_precaution_statements": [], "labels": [], "description": null, "info": "Oprindelsesland: Spanien", "images": [{"small": "https://rema-product-images.digital.rema1000.dk/305115/1-small-KpqRXW7yPL.webp", "medium": "https://rema-product-images.digital.rema1000.dk/305115/1-medium-KpqRXW7yPL.webp", "large": "https://rema-product-images.digital.rema1000.dk/305115/1-large-KpqRXW7yPL.webp"}], "prices": [{"price": 20, "price_over_max_quantity": null, "max_quantity": null, "is_advertised": false, "is_campaign": false, "starting_at": "2025-07-20T00:00:00+00:00", "ending_at": "2099-12-31T00:00:00+00:00", "deposit": null, "compare_unit": "stk", "compare_unit_price": 20, "consumption_unit": null, "consumption_quantity": null}], "temperature_zone": null, "is_self_scale_item": false, "is_weight_item": false, "is_available_in_all_stores": true, "is_batch_item": false}
{"id": 305128, "name": "CANTALOUPE MELON", "underline": "1 STK. / ITALIEN KL.1", "age_limit": null, "hazard_precaution_statements": [], "labels": [], "description": null, "info": "Oprindelsesland: Italien", "images": [{"small": "https://rema-product-images.digital.rema1000.dk/305128/1-small-xyqaKWZ6PD.webp", "medium": "https://rema-product-images.digital.rema1000.dk/305128/1-medium-xyqaKWZ6PD.webp", "large": "https://rema-product-images.digital.rema1000.dk/305128/1-large-xyqaKWZ6PD.webp"}], "prices": [{"price": 15, "price_over_max_quantity": null, "max_quantity": null, "is_advertised": false, "is_campaign": false, "starting_at": "2025-08-03T00:00:00+00:00", "ending_at": "2099-12-31T00:00:00+00:00", "deposit": null, "compare_unit": "stk", "compare_unit_price": 15, "consumption_unit": null, "consumption_quantity": null}], "temperature_zone": null, "is_self_scale_item": false, "is_weight_item": false, "is_available_in_all_stores": true, "is_batch_item": false}
{"id": 305135, "name": "ØKO. CANTALOUPE MELON", "underline": "1 STK. / ITALIEN KL.1", "age_limit": null, "hazard_precaution_statements": [], "labels": [{"id": 5, "name": "Økologi", "image": "https://static-assets.digital.rema1000.dk/product/labels/5-64.webp"}], "description": null, "info": "Oprindelsesland: Italien", "images": [{"small": "https://rema-product-images.digital.rema1000.dk/305135/1-small-Gb9kw5gN97.webp", "medium": "https://rema-product-images.digital.rema1000.dk/305135/1-medium-Gb9kw5gN97.webp", "large": "https://rema-product-images.digital.rema1000.dk/305135/1-large-Gb9kw5gN97.webp"}], "prices": [{"price": 22, "price_over_max_quantity": null, "max_quantity": null, "is_advertised": false, "is_campaign": false, "starting_at": "2024-07-28T00:00:00+00:00", "ending_at": "2025-08-23T00:00:00+00:00", "deposit": null, "compare_unit": "stk", "compare_unit_price": 22, "consumption_unit": null, "consumption_quantity": null}], "temperature_zone": null, "is_self_scale_item": false, "is_weight_item": false, "is_available_in_all_stores": true, "is_batch_item": false}
{"id": 305408, "name": "AVOCADO", "underline": "1 STK. / PERU KL. 1", "age_limit": null, "hazard_precaution_statements": [], "labels": [], "description": null, "info": "Oprindelsesland: Peru", "images": [{"small": "https://rema-product-images.digital.rema1000.dk/305408/1-small-NpP7bnJ09O.webp", "medium": "https://rema-product-images.digital.rema1000.dk/305408/1-medium-NpP7bnJ09O.webp", "large": "https://rema-product-images.digital.rema1000.dk/305408/1-large-NpP7bnJ09O.webp"}], "prices": [{"price": 12, "price_over_max_quantity": null, "max_quantity": null, "is_advertised": false, "is_campaign": false, "starting_at": "2025-06-25T00:00:00+00:00", "ending_at": "2099-12-31T00:00:00+00:00", "deposit": null, "compare_unit": "stk", "compare_unit_price": 12, "consumption_unit": null, "consumption_quantity": null}], "temperature_zone": null, "is_self_scale_item": false, "is_weight_item": false, "is_available_in_all_stores": true, "is_batch_item": false}
{"id": 305415, "name": "MODNE AVOCADO", "underline": "1 BAKKE / LAND/KL.: SE VAREN", "age_limit": null, "hazard_precaution_statements": [], "labels": [], "description": "Oprindelsen kan være forskellig fra dag til dag. Avocadoerne kommer fra et af følgende lande: Spanien, Sydafrika, Tanzania, Marokko, Peru, Kenya, Israel, Columbia, Mexico el. Chile. Oprindelsen af varen i den konkrete pakning, fremgår af mærkningen på pakken.", "info": "Oprindelsesland: Se varen", "images": [{"small": "https://rema-product-images.digital.rema1000.dk/305415/1-small-KpqRXWJRPL.webp", "medium": "https://rema-product-images.digital.rema1000.dk/305415/1-medium-KpqRXWJRPL.webp", "large": "https://rema-product-images.digital.rema1000.dk/305415/1-large-KpqRXWJRPL.webp"}], "prices": [{"price": 18, "price_over_max_quantity": null, "max_quantity": null, "is_advertised": false, "is_campaign": false, "starting_at": "2024-11-10T00:00:00+00:00", "ending_at": "2025-09-06T00:00:00+00:00", "deposit": null, "compare_unit": "bakke", "compare_unit_price": 18, "consumption_unit": null, "consumption_quantity": null}], "temperature_zone": null, "is_self_scale_item": false, "is_weight_item": false, "is_available_in_all_stores": true, "is_batch_item": false}
{"id": 305440, "name": "ØKO. AVOCADO FORMODN.", "underline": "1 BAKKE / LAND/KL.: SE VAREN", "age_limit": null, "hazard_precaution_statements": [], "labels": [{"id": 5, "name": "Økologi", "image": "https://static-assets.digital.rema1000.dk/product/labels/5-64.webp"}], "description": "Oprindelsen kan være forskellig fra dag til dag. ØKO. Avocado kommer fra et af følgende lande: Spanien, Portugal, Peru, Marokko, Kenya el. Mexico Oprindelsen af varen i den konkrete pakning, fremgår af mærkningen på pakken.", "info": "Oprindelsesland: Se varen", "images": [{"small": "https://rema-product-images.digital.rema1000.dk/305440/1-small-rQqQ8WJBoe.webp", "medium": "https://rema-product-images.digital.rema1000.dk/305440/1-medium-rQqQ8WJBoe.webp", "large": "https://rema-product-images.digital.rema1000.dk/305440/1-large-rQqQ8WJBoe.webp"}], "prices": [{"price": 20, "price_over_max_quantity": null, "max_quantity": null, "is_advertised": false, "is_campaign": false, "starting_at": "2024-09-08T00:00:00+00:00", "ending_at": "2099-12-31T00:00:00+00:00", "deposit": null, "compare_unit": "bakke", "compare_unit_price": 20, "consumption_unit": null, "consumption_quantity": null}], "temperature_zone": null, "is_self_scale_item": false, "is_weight_item": false, "is_available_in_all_stores": true, "is_batch_item": false}
{"id": 305501, "name": "MANGO", "underline": "1 STK. / ISRAEL KL. 1", "age_limit": null, "hazard_precaution_statements": [], "labels": [{"id": 9001, "name": "Avisvare", "image": "https://static-assets.digital.rema1000.dk/product/labels/9001-64.webp"}], "description": null, "info": "Oprindelsesland: Israel", "images": [{"small": "https://rema-product-images.digital.rema1000.dk/305501/1-small-ElPBxb7jqk.webp", "medium": "https://rema-product-images.digital.rema1000.dk/305501/1-medium-ElPBxb7jqk.webp", "large": "https://rema-product-images.digital.rema1000.dk/305501/1-large-ElPBxb7jqk.webp"}], "prices": [{"price": 10, "price_over_max_quantity": null, "max_quantity": null, "is_advertised": true, "is_campaign": true, "starting_at": "2025-08-17T00:00:00+00:00", "ending_at": "2025-08-23T00:00:00+00:00", "deposit": null, "compare_unit": "stk", "compare_unit_price": 10, "consumption_unit": null, "consumption_quantity": null}, {"price": 14, "price_over_max_quantity": null, "max_quantity": null, "is_advertised": false, "is_campaign": false, "starting_at": "2025-08-24T00:00:00+00:00", "ending_at": "2099-12-31T00:00:00+00:00", "deposit": null, "compare_unit": "stk", "compare_unit_price": 14, "consumption_unit": null, "consumption_quantity": null}], "temperature_zone": null, "is_self_scale_item": false, "is_weight_item": false, "is_available_in_all_stores": true, "is_batch_item": false}
{"id": 305526, "name": "PASSIONSFRUGT", "underline": "1 STK. / COLOMBIA KL. 1", "age_limit": null, "hazard_precaution_statements": [], "labels": [], "description": null, "info": "Oprindelsesland: Colombia", "images": [{"small": "https://rema-product-images.digital.rema1000.dk/305526/1-small-kOq3WZaMq6.webp", "medium": "https://rema-product-images.digital.rema1000.dk/305526/1-medium-kOq3WZaMq6.webp", "large": "https://rema-product-images.digital.rema1000.dk/305526/1-large-kOq3WZaMq6.webp"}], "prices": [{"price": 4, "price_over_max_quantity": null, "max_quantity": null, "is_advertised": false, "is_campaign": false, "starting_at": "2025-02-23T00:00:00+00:00", "ending_at": "2099-12-31T00:00:00+00:00", "deposit": null, "compare_unit": "stk", "compare_unit_price": 4, "consumption_unit": null, "consumption_quantity": null}], "temperature_zone": null, "is_self_scale_item": false, "is_weight_item": false, "is_available_in_all_stores": false, "is_batch_item": false}
{"id": 305554, "name": "GRANATÆBLER", "underline": "1 STK. / SPANIEN KL. 1", "age_limit": null, "hazard_precaution_statements": [], "labels": [], "description": " ", "info": "Oprindelsesland: Spanien", "images": [{"small": "https://rema-product-images.digital.rema1000.dk/305554/1-small-Al90je5Bo8.webp", "medium": "https://rema-product-images.digital.rema1000.dk/305554/1-medium-Al90je5Bo8.webp", "large": "https://rema-product-images.digital.rema1000.dk/305554/1-large-Al90je5Bo8.webp"}], "prices": [{"price": 13, "price_over_max_quantity": null, "max_quantity": null, "is_advertised": false, "is_campaign": false, "starting_at": "2025-08-11T00:00:00+00:00", "ending_at": "2099-12-31T00:00:00+00:00", "deposit": null, "compare_unit": "stk", "compare_unit_price": 13, "consumption_unit": null, "consumption_quantity": null}], "temperature_zone": null, "is_self_scale_item": false, "is_weight_item": false, "is_available_in_all_stores": true, "is_batch_item": false}
{"id": 305659, "name": "ØKO. LIME", "underline": "1 STK. / COLOMBIA KL. 1, MIN. 60 GR.", "age_limit": null, "hazard_precaution_statements": [], "labels": [{"id": 5, "name": "Økologi", "image": "https://static-assets.digital.rema1000.dk/product/labels/5-64.webp"}], "description": null, "info": "Oprindelsesland: Colombia", "images": [{"small": "https://rema-product-images.digital.rema1000.dk/305659/1-small-KpqRXWLdPL.webp", "medium": "https://rema-product-images.digital.rema1000.dk/305659/1-medium-KpqRXWLdPL.webp", "large": "https://rema-product-images.digital.rema1000.dk/305659/1-large-KpqRXWLdPL.webp"}], "prices": [{"price": 3, "price_over_max_quantity": null, "max_quantity": null, "is_advertised": false, "is_campaign": false, "starting_at": "2024-03-24T00:00:00+00:00", "ending_at": "2099-12-31T00:00:00+00:00", "deposit": null, "compare_unit": "stk", "compare_unit_price": 3, "consumption_unit": null, "consumption_quantity": null}], "temperature_zone": null, "is_self_scale_item": false, "is_weight_item": false, "is_available_in_all_stores": true, "is_batch_item": false}
{"id": 306000, "name": "DANSK AGURK", "underline": "1 STK. / DANMARK KL. 1", "age_limit": null, "hazard_precaution_statements": [], "labels": [{"id": 70, "name": "Dansk", "image": "https://static-assets.digital.rema1000.dk/product/labels/70-64.webp"}], "description": null, "info": "Oprindelsesland: Danmark", "images": [{"small": "https://rema-product-images.digital.rema1000.dk/306000/1-small-xePwR6Be9w.webp", "medium": "https://rema-product-images.digital.rema1000.dk/306000/1-medium-xePwR6Be9w.webp", "large": "https://rema-product-images.digital.rema1000.dk/306000/1-large-xePwR6Be9w.webp"}], "prices": [{"price": 10, "price_over_max_quantity": null, "max_quantity": null, "is_advertised": false, "is_campaign": false, "starting_at": "2025-03-23T00:00:00+00:00", "ending_at": "2099-12-31T00:00:00+00:00", "deposit": null, "compare_unit": "stk", "compare_unit_price": 10, "consumption_unit": null, "consumption_quantity": null}], "temperature_zone": null, "is_self_scale_item": false, "is_weight_item": false, "is_available_in_all_stores": true, "is_batch_item": false}
{"id": 306020, "name": "AGURK", "underline": "1 STK. / HOLLAND KL.1", "age_limit": null, "hazard_precaution_statements": [], "labels": [], "description": null, "info": "Oprindelsesland: Holland", "images": [{"small": "https://rema-product-images.digital.rema1000.dk/306020/1-small-AKqexBxjop.webp", "medium": "https://rema-product-images.digital.rema1000.dk/306020/1-medium-AKqexBxjop.webp", "large": "https://rema-product-images.digital.rema1000.dk/306020/1-large-AKqexBxjop.webp"}], "prices": [{"price": 9, "price_over_max_quantity": null, "max_quantity": null, "is_advertised": false, "is_campaign": false, "starting_at": "2025-07-30T00:00:00+00:00", "ending_at": "2099-12-31T00:00:00+00:00", "deposit": null, "compare_unit": "stk", "compare_unit_price": 9, "consumption_unit": null, "consumption_quantity": null}], "temperature_zone": null, "is_self_scale_item": false, "is_weight_item": false, "is_available_in_all_stores": false, "is_batch_item": false}
{"id": 306043, "name": "SKOLEAGURKER", "underline": "1 STK. / HOLLAND KL.1", "age_limit": null, "hazard_precaution_statements": [], "labels": [], "description": null, "info": "Oprindelsesland: Holland", "images": [{"small": "https://rema-product-images.digital.rema1000.dk/306043/1-small-dyomnKn7qV.webp", "medium": "https://rema-product-images.digital.rema1000.dk/306043/1-medium-dyomnKn7qV.webp", "large": "https://rema-product-images.digital.rema1000.dk/306043/1-large-dyomnKn7qV.webp"}], "prices": [{"price": 3.5, "price_over_max_quantity": null, "max_quantity": null, "is_advertised": false, "is_campaign": false, "starting_at": "2025-08-03T00:00:00+00:00", "ending_at": "2099-12-31T00:00:00+00:00", "deposit": null, "compare_unit": "stk", "compare_unit_price": 3.5, "consumption_unit": null, "consumption_quantity": null}], "temperature_zone": null, "is_self_scale_item": false, "is_weight_item": false, "is_available_in_all_stores": true, "is_batch_item": false}
{"id": 306076, "name": "ØKO. AGURK", "underline": "1 STK. / SPANIEN KL.1", "age_limit": null, "hazard_precaution_statements": [], "labels": [{"id": 5, "name": "Økologi", "image": "https://static-assets.digital.rema1000.dk/product/labels/5-64.webp"}], "description": "<b>OBS</b>: Grundet usædvanlig koldt vejr i Spanien, Italien og Marokko, oplever vi desværre varierende størrelser og manglende forsyninger af denne vare i butikkerne.", "info": "Oprindelsesland: Spanien", "images": [{"small": "https://rema-product-images.digital.rema1000.dk/306076/1-small-nDPWabV6qW.webp", "medium": "https://rema-product-images.digital.rema1000.dk/306076/1-medium-nDPWabV6qW.webp", "large": "https://rema-product-images.digital.rema1000.dk/306076/1-large-nDPWabV6qW.webp"}], "prices": [{"price": 10, "price_over_max_quantity": null, "max_quantity": null, "is_advertised": false, "is_campaign": false, "starting_at": "2025-08-10T00:00:00+00:00", "ending_at": "2099-12-31T00:00:00+00:00", "deposit": null, "compare_unit": "stk", "compare_unit_price": 10, "consumption_unit": null, "consumption_quantity": null}], "temperature_zone": null, "is_self_scale_item": false, "is_weight_item": false, "is_available_in_all_stores": true, "is_batch_item": false}
{"id": 306137, "name": "TOMATER VEJ SELV", "underline": "0.12 KG. / HOLLAND KL.1", "age_limit": null, "hazard_precaution_statements": [], "labels": [], "description": "<b>Vigtigt:</b> Vælg antal stk. du ønsker af denne vare.", "info": "Oprindelsesland: Holland", "images": [{"small": "https://rema-product-images.digital.rema1000.dk/306137/1-small-JzPJ7w5Bok.webp", "medium": "https://rema-product-images.digital.rema1000.dk/306137/1-medium-JzPJ7w5Bok.webp", "large": "https://rema-product-images.digital.rema1000.dk/306137/1-large-JzPJ7w5Bok.webp"}], "prices": [{"price": 2.99, "price_over_max_quantity": null, "max_quantity": null, "is_advertised": false, "is_campaign": false, "starting_at": "2025-05-25T00:00:00+00:00", "ending_at": "2099-12-31T00:00:00+00:00", "deposit": null, "compare_unit": "kg", "compare_unit_price": 26, "consumption_unit": null, "consumption_quantity": null}], "temperature_zone": null, "is_self_scale_item": false, "is_weight_item": true, "is_available_in_all_stores": true, "is_batch_item": false}
{"id": 306140, "name": "TOMATER", "underline": "500 GR. / DANMARK. KL. 1", "age_limit": null, "hazard_precaution_statements": [], "labels": [{"id": 70, "name": "Dansk", "image": "https://static-assets.digital.rema1000.dk/product/labels/70-64.webp"}], "description": null, "info": "Oprindelsesland: Danmark", "images": [{"small": "https://rema-product-images.digital.rema1000.dk/306140/1-small-rQqQ8gVMoe.webp", "medium": "https://rema-product-images.digital.rema1000.dk/306140/1-medium-rQqQ8gVMoe.webp", "large": "https://rema-product-images.digital.rema1000.dk/306140/1-large-rQqQ8gVMoe.webp"}], "prices": [{"price": 18, "price_over_max_quantity": null, "max_quantity": null, "is_advertised": false, "is_campaign": false, "starting_at": "2025-06-15T00:00:00+00:00", "ending_at": "2025-08-23T00:00:00+00:00", "deposit": null, "compare_unit": "kg", "compare_unit_price": 36, "consumption_unit": null, "consumption_quantity": null}], "temperature_zone": null, "is_self_scale_item": false, "is_weight_item": false, "is_available_in_all_stores": true, "is_batch_item": false}
{"id": 306145, "name": "SNACK TOMATER", "underline": "200 GR. / DANMARK KL. 1", "age_limit": null, "hazard_precaution_statements": [], "labels": [{"id": 70, "name": "Dansk", "image": "https://static-assets.digital.rema1000.dk/product/labels/70-64.webp"}], "description": null, "info": "Oprindelsesland: Danmark", "images": [{"small": "https://rema-product-images.digital.rema1000.dk/306145/1-small-ElPBxGYXqk.webp", "medium": "https://rema-product-images.digital.rema1000.dk/306145/1-medium-ElPBxGYXqk.webp", "large": "https://rema-product-images.digital.rema1000.dk/306145/1-large-ElPBxGYXqk.webp"}], "prices": [{"price": 15, "price_over_max_quantity": null, "max_quantity": null, "is_advertised": false, "is_campaign": false, "starting_at": "2025-05-11T00:00:00+00:00", "ending_at": "2099-12-31T00:00:00+00:00", "deposit": null, "compare_unit": "kg", "compare_unit_price": 75, "consumption_unit": null, "consumption_quantity": null}], "temperature_zone": null, "is_self_scale_item": false, "is_weight_item": false, "is_available_in_all_stores": true, "is_batch_item": false}
{"id": 306155, "name": "KINAKÅL", "underline": "1 STK. / DANMARK KL. 1", "age_limit": null, "hazard_precaution_statements": [], "labels": [{"id": 70, "name": "Dansk", "image": "https://static-assets.digital.rema1000.dk/product/labels/70-64.webp"}], "description": null, "info": "Oprindelsesland: Danmark", "images": [{"small": "https://rema-product-images.digital.rema1000.dk/306155/1-small-A5qVyXvyoa.webp", "medium": "https://rema-product-images.digital.rema1000.dk/306155/1-medium-A5qVyXvyoa.webp", "large": "https://rema-product-images.digital.rema1000.dk/306155/1-large-A5qVyXvyoa.webp"}], "prices": [{"price": 18, "price_over_max_quantity": null, "max_quantity": null, "is_advertised": false, "is_campaign": false, "starting_at": "2025-05-09T00:00:00+00:00", "ending_at": "2099-12-31T00:00:00+00:00", "deposit": null, "compare_unit": "stk", "compare_unit_price": 18, "consumption_unit": null, "consumption_quantity": null}], "temperature_zone": null, "is_self_scale_item": false, "is_weight_item": false, "is_available_in_all_stores": false, "is_batch_item": false}
{"id": 306160, "name": "CHERRYTOMATER, STILK", "underline": "500 GR. / LAND/KL.: SE VAREN", "age_limit": null, "hazard_precaution_statements": [], "labels": [], "description": "Oprindelsen kan være forskellig fra dag til dag. Tomaterne kommer fra et af følgende lande: Frankrig, Holland, Marokko, Spanien el. Italien. Oprindelsen af varen i den konkrete pakning, fremgår af mærkningen på pakken.", "info": "Oprindelsesland: Se varen", "images": [{"small": "https://rema-product-images.digital.rema1000.dk/306160/1-small-6xqArGdj9D.webp", "medium": "https://rema-product-images.digital.rema1000.dk/306160/1-medium-6xqArGdj9D.webp", "large": "https://rema-product-images.digital.rema1000.dk/306160/1-large-6xqArGdj9D.webp"}], "prices": [{"price": 22, "price_over_max_quantity": null, "max_quantity": null, "is_advertised": false, "is_campaign": false, "starting_at": "2024-10-06T00:00:00+00:00", "ending_at": "2099-12-31T00:00:00+00:00", "deposit": null, "compare_unit": "kg", "compare_unit_price": 44, "consumption_unit": null, "consumption_quantity": null}], "temperature_zone": null, "is_self_scale_item": false, "is_weight_item": false, "is_available_in_all_stores": true, "is_batch_item": false}
{"id": 306170, "name": "ØKO. TAPAS TOMAT", "underline": "400 GR. / SPANIEN KL.1", "age_limit": null, "hazard_precaution_statements": [], "labels": [{"id": 5, "name": "Økologi", "image": "https://static-assets.digital.rema1000.dk/product/labels/5-64.webp"}], "description": null, "info": "Oprindelsesland: Spanien", "images": [{"small": "https://rema-product-images.digital.rema1000.dk/306170/1-small-kOq3WJn5q6.webp", "medium": "https://rema-product-images.digital.rema1000.dk/306170/1-medium-kOq3WJn5q6.webp", "large": "https://rema-product-images.digital.rema1000.dk/306170/1-large-kOq3WJn5q6.webp"}], "prices": [{"price": 20, "price_over_max_quantity": null, "max_quantity": null, "is_advertised": false, "is_campaign": false, "starting_at": "2023-02-12T00:00:00+00:00", "ending_at": "2099-12-31T00:00:00+00:00", "deposit": null, "compare_unit": "kg", "compare_unit_price": 50, "consumption_unit": null, "consumption_quantity": null}], "temperature_zone": null, "is_self_scale_item": false, "is_weight_item": false, "is_available_in_all_stores": true, "is_batch_item": false}
{"id": 306178, "name": "ØKO. CHERRYTOMATER", "underline": "250 GR. / LAND/KL.: SE VAREN", "age_limit": null, "hazard_precaution_statements": [], "labels": [{"id": 5, "name": "Økologi", "image": "https://static-assets.digital.rema1000.dk/product/labels/5-64.webp"}], "description": "<b>OBS</b>: Grundet usædvanlig koldt vejr i Spanien, Italien og Marokko, oplever vi desværre varierende størrelser og manglende forsyninger af denne vare i butikkerne.<br /><br />Oprindelsen kan være forskellig fra dag til dag. Tomaterne kommer fra et af følgende lande: Holland, Marokko, Spanien el. Italien. Oprindelsen af varen i den konkrete pakning, fremgår af mærkningen på pakken.", "info": "Oprindelsesland: Se varen", "images": [{"small": "https://rema-product-images.digital.rema1000.dk/306178/1-small-yLqGYG5GPd.webp", "medium": "https://rema-product-images.digital.rema1000.dk/306178/1-medium-yLqGYG5GPd.webp", "large": "https://rema-product-images.digital.rema1000.dk/306178/1-large-yLqGYG5GPd.webp"}], "prices": [{"price": 15, "price_over_max_quantity": null, "max_quantity": null, "is_advertised": false, "is_campaign": false, "starting_at": "2024-04-14T00:00:00+00:00", "ending_at": "2099-12-31T00:00:00+00:00", "deposit": null, "compare_unit": "kg", "compare_unit_price": 60, "consumption_unit": null, "consumption_quantity": null}], "temperature_zone": null, "is_self_scale_item": false, "is_weight_item": false, "is_available_in_all_stores": true, "is_batch_item": false}
{"id": 306179, "name": "ØKO. SAN MARZANO", "underline": "250 GR. / DANMARK KL. 1", "age_limit": null, "hazard_precaution_statements": [], "labels": [{"id": 6, "name": "Økologi", "image": "https://static-assets.digital.rema1000.dk/product/labels/6-64.webp"}, {"id": 70, "name": "Dansk", "image": "https://static-assets.digital.rema1000.dk/product/labels/70-64.webp"}], "description": null, "info": "Oprindelsesland: Danmark", "images": [{"small": "https://rema-product-images.digital.rema1000.dk/306179/1-small-Gb9kwg3d97.webp", "medium": "https://rema-product-images.digital.rema1000.dk/306179/1-medium-Gb9kwg3d97.webp", "large": "https://rema-product-images.digital.rema1000.dk/306179/1-large-Gb9kwg3d97.webp"}], "prices": [{"price": 18, "price_over_max_quantity": null, "max_quantity": null, "is_advertised": false, "is_campaign": false, "starting_at": "2025-05-18T00:00:00+00:00", "ending_at": "2099-12-31T00:00:00+00:00", "deposit": null, "compare_unit": "kg", "compare_unit_price": 72, "consumption_unit": null, "consumption_quantity": null}], "temperature_zone": null, "is_self_scale_item": false, "is_weight_item": false, "is_available_in_all_stores": true, "is_batch_item": false}
{"id": 306200, "name": "ICEBERG SALAT", "underline": "1 STK. / DANMARK KL. 1", "age_limit": null, "hazard_precaution_statements": [], "labels": [{"id": 9001, "name": "Avisvare", "image": "https://static-assets.digital.rema1000.dk/product/labels/9001-64.webp"}, {"id": 70, "name": "Dansk", "image": "https://static-assets.digital.rema1000.dk/product/labels/70-64.webp"}], "description": null, "info": "Oprindelsesland: Danmark", "images": [{"small": "https://rema-product-images.digital.rema1000.dk/306200/1-small-xePwR6nx9w.webp", "medium": "https://rema-product-images.digital.rema1000.dk/306200/1-medium-xePwR6nx9w.webp", "large": "https://rema-product-images.digital.rema1000.dk/306200/1-large-xePwR6nx9w.webp"}], "prices": [{"price": 10, "price_over_max_quantity": null, "max_quantity": null, "is_advertised": true, "is_campaign": true, "starting_at": "2025-08-17T00:00:00+00:00", "ending_at": "2025-08-23T00:00:00+00:00", "deposit": null, "compare_unit": "stk", "compare_unit_price": 10, "consumption_unit": null, "consumption_quantity": null}, {"price": 11, "price_over_max_quantity": null, "max_quantity": null, "is_advertised": false, "is_campaign": false, "starting_at": "2025-08-24T00:00:00+00:00", "ending_at": "2099-12-31T00:00:00+00:00", "deposit": null, "compare_unit": "stk", "compare_unit_price": 11, "consumption_unit": null, "consumption_quantity": null}], "temperature_zone": null, "is_self_scale_item": false, "is_weight_item": false, "is_available_in_all_stores": true, "is_batch_item": false}
{"id": 306206, "name": "ØKO. ICEBERG", "underline": "1 STK. / DANMARK KL. 1", "age_limit": null, "hazard_precaution_statements": [], "labels": [{"id": 6, "name": "Økologi", "image": "https://static-assets.digital.rema1000.dk/product/labels/6-64.webp"}, {"id": 70, "name": "Dansk", "image": "https://static-assets.digital.rema1000.dk/product/labels/70-64.webp"}], "description": null, "info": "Oprindelsesland: Danmark", "images": [{"small": "https://rema-product-images.digital.rema1000.dk/306206/1-small-vVorEvA4P3.webp", "medium": "https://rema-product-images.digital.rema1000.dk/306206/1-medium-vVorEvA4P3.webp", "large": "https://rema-product-images.digital.rema1000.dk/306206/1-large-vVorEvA4P3.webp"}], "prices": [{"price": 15, "price_over_max_quantity": null, "max_quantity": null, "is_advertised": false, "is_campaign": false, "starting_at": "2025-05-06T00:00:00+00:00", "ending_at": "2099-12-31T00:00:00+00:00", "deposit": null, "compare_unit": "stk", "compare_unit_price": 15, "consumption_unit": null, "consumption_quantity": null}], "temperature_zone": null, "is_self_scale_item": false, "is_weight_item": false, "is_available_in_all_stores": true, "is_batch_item": false}
{"id": 306258, "name": "BLOMKÅL", "underline": "1 STK. / DANMARK KL. 1", "age_limit": null, "hazard_precaution_statements": [], "labels": [{"id": 70, "name": "Dansk", "image": "https://static-assets.digital.rema1000.dk/product/labels/70-64.webp"}], "description": null, "info": "Oprindelsesland: Danmark", "images": [{"small": "https://rema-product-images.digital.rema1000.dk/306258/1-small-3Movj4aZoA.webp", "medium": "https://rema-product-images.digital.rema1000.dk/306258/1-medium-3Movj4aZoA.webp", "large": "https://rema-product-images.digital.rema1000.dk/306258/1-large-3Movj4aZoA.webp"}], "prices": [{"price": 16, "price_over_max_quantity": null, "max_quantity": null, "is_advertised": false, "is_campaign": false, "starting_at": "2025-06-15T00:00:00+00:00", "ending_at": "2099-12-31T00:00:00+00:00", "deposit": null, "compare_unit": "stk", "compare_unit_price": 16, "consumption_unit": null, "consumption_quantity": null}], "temperature_zone": null, "is_self_scale_item": false, "is_weight_item": false, "is_available_in_all_stores": true, "is_batch_item": false}
{"id": 306274, "name": "ØKO. BLOMKÅL", "underline": "1 STK. / DANMARK KL. 1", "age_limit": null, "hazard_precaution_statements": [], "labels": [{"id": 6, "name": "Økologi", "image": "https://static-assets.digital.rema1000.dk/product/labels/6-64.webp"}, {"id": 70, "name": "Dansk", "image": "https://static-assets.digital.rema1000.dk/product/labels/70-64.webp"}], "description": null, "info": "Oprindelsesland: Danmark", "images": [{"small": "https://rema-product-images.digital.rema1000.dk/306274/1-small-869DxEne9M.webp", "medium": "https://rema-product-images.digital.rema1000.dk/306274/1-medium-869DxEne9M.webp", "large": "https://rema-product-images.digital.rema1000.dk/306274/1-large-869DxEne9M.webp"}], "prices": [{"price": 20, "price_over_max_quantity": null, "max_quantity": null, "is_advertised": false, "is_campaign": false, "starting_at": "2025-06-10T00:00:00+00:00", "ending_at": "2099-12-31T00:00:00+00:00", "deposit": null, "compare_unit": "stk", "compare_unit_price": 20, "consumption_unit": null, "consumption_quantity": null}], "temperature_zone": null, "is_self_scale_item": false, "is_weight_item": false, "is_available_in_all_stores": true, "is_batch_item": false}
{"id": 306330, "name": "BROCCOLI", "underline": "1 STK. / DANMARK  KL. 1", "age_limit": null, "hazard_precaution_statements": [], "labels": [{"id": 70, "name": "Dansk", "image": "https://static-assets.digital.rema1000.dk/product/labels/70-64.webp"}], "description": null, "info": "Oprindelsesland: Danmark", "images": [{"small": "https://rema-product-images.digital.rema1000.dk/306330/1-small-869DxE369M.webp", "medium": "https://rema-product-images.digital.rema1000.dk/306330/1-medium-869DxE369M.webp", "large": "https://rema-product-images.digital.rema1000.dk/306330/1-large-869DxE369M.webp"}], "prices": [{"price": 14, "price_over_max_quantity": null, "max_quantity": null, "is_advertised": false, "is_campaign": false, "starting_at": "2025-05-26T00:00:00+00:00", "ending_at": "2025-08-23T00:00:00+00:00", "deposit": null, "compare_unit": "stk", "compare_unit_price": 14, "consumption_unit": null, "consumption_quantity": null}], "temperature_zone": null, "is_self_scale_item": false, "is_weight_item": false, "is_available_in_all_stores": true, "is_batch_item": false}
{"id": 306335, "name": "PEBERMIX", "underline": "3 STK. / LAND/KL.: SE VAREN", "age_limit": null, "hazard_precaution_statements": [], "labels": [], "description": "<b>OBS</b>: Grundet usædvanlig koldt vejr i Spanien, Italien og Marokko, oplever vi desværre varierende størrelser og manglende forsyninger af denne vare i butikkerne.<br /><br />Oprindelsen kan være forskellig fra dag til dag. Pebrene kommer fra et af følgende lande: Holland, Marokko, Spanien el. Belgien. Oprindelsen af varen i den konkrete pakning, fremgår af mærkningen på pakken.", "info": "Oprindelsesland: Se varen", "images": [{"small": "https://rema-product-images.digital.rema1000.dk/306335/1-small-Gb9kwgam97.webp", "medium": "https://rema-product-images.digital.rema1000.dk/306335/1-medium-Gb9kwgam97.webp", "large": "https://rema-product-images.digital.rema1000.dk/306335/1-large-Gb9kwgam97.webp"}], "prices": [{"price": 18, "price_over_max_quantity": null, "max_quantity": null, "is_advertised": false, "is_campaign": false, "starting_at": "2023-08-27T00:00:00+00:00", "ending_at": "2099-12-31T00:00:00+00:00", "deposit": null, "compare_unit": "stk", "compare_unit_price": 6, "consumption_unit": null, "consumption_quantity": null}], "temperature_zone": null, "is_self_scale_item": false, "is_weight_item": false, "is_available_in_all_stores": true, "is_batch_item": false}
{"id": 306347, "name": "RØD PEBER", "underline": "1 STK. / HOLLAND KL. 1", "age_limit": null, "hazard_precaution_statements": [], "labels": [], "description": null, "info": "Oprindelsesland: Holland", "images": [{"small": "https://rema-product-images.digital.rema1000.dk/306347/1-small-3MoMeMp3o5.webp", "medium": "https://rema-product-images.digital.rema1000.dk/306347/1-medium-3MoMeMp3o5.webp", "large": "https://rema-product-images.digital.rema1000.dk/306347/1-large-3MoMeMp3o5.webp"}], "prices": [{"price": 8, "price_over_max_quantity": null, "max_quantity": null, "is_advertised": false, "is_campaign": false, "starting_at": "2024-08-11T00:00:00+00:00", "ending_at": "2099-12-31T00:00:00+00:00", "deposit": null, "compare_unit": "stk", "compare_unit_price": 8, "consumption_unit": null, "consumption_quantity": null}], "temperature_zone": null, "is_self_scale_item": false, "is_weight_item": false, "is_available_in_all_stores": true, "is_batch_item": false}
{"id": 306349, "name": "GUL/ORANGE PEBER", "underline": "1 STK. / HOLLAND KL.1", "age_limit": null, "hazard_precaution_statements": [], "labels": [], "description": null, "info": "Oprindelsesland: Holland", "images": [{"small": "https://rema-product-images.digital.rema1000.dk/306349/1-small-xQq8VGpQPZ.webp", "medium": "https://rema-product-images.digital.rema1000.dk/306349/1-medium-xQq8VGpQPZ.webp", "large": "https://rema-product-images.digital.rema1000.dk/306349/1-large-xQq8VGpQPZ.webp"}], "prices": [{"price": 8, "price_over_max_quantity": null, "max_quantity": null, "is_advertised": false, "is_campaign": false, "starting_at": "2025-08-10T00:00:00+00:00", "ending_at": "2099-12-31T00:00:00+00:00", "deposit": null, "compare_unit": "stk", "compare_unit_price": 8, "consumption_unit": null, "consumption_quantity": null}], "temperature_zone": null, "is_self_scale_item": false, "is_weight_item": false, "is_available_in_all_stores": false, "is_batch_item": false}
{"id": 306369, "name": "SNACK PEBER", "underline": "500 GR. / LAND/KL.: SE VAREN", "age_limit": null, "hazard_precaution_statements": [], "labels": [{"id": 9001, "name": "Avisvare", "image": "https://static-assets.digital.rema1000.dk/product/labels/9001-64.webp"}], "description": "Oprindelsen kan være forskellig fra dag til dag. Peberne kommer fra et af følgende lande: Spanien, Marokko, Tyrkiet, Egypten el. Holland. Oprindelsen af varen i den konkrete pakning, fremgår af mærkningen på pakken.", "info": "Oprindelsesland: Se varen", "images": [{"small": "https://rema-product-images.digital.rema1000.dk/306369/1-small-Ea91mGER9z.webp", "medium": "https://rema-product-images.digital.rema1000.dk/306369/1-medium-Ea91mGER9z.webp", "large": "https://rema-product-images.digital.rema1000.dk/306369/1-large-Ea91mGER9z.webp"}], "prices": [{"price": 15, "price_over_max_quantity": null, "max_quantity": null, "is_advertised": true, "is_campaign": true, "starting_at": "2025-08-17T00:00:00+00:00", "ending_at": "2025-08-23T00:00:00+00:00", "deposit": null, "compare_unit": "kg", "compare_unit_price": 30, "consumption_unit": null, "consumption_quantity": null}, {"price": 20, "price_over_max_quantity": null, "max_quantity": null, "is_advertised": false, "is_campaign": false, "starting_at": "2025-08-24T00:00:00+00:00", "ending_at": "2099-12-31T00:00:00+00:00", "deposit": null, "compare_unit": "kg", "compare_unit_price": 40, "consumption_unit": null, "consumption_quantity": null}], "temperature_zone": null, "is_self_scale_item": false, "is_weight_item": false, "is_available_in_all_stores": true, "is_batch_item": false}
{"id": 306374, "name": "SØD PEBER, KERNEFRI", "underline": "250 GR. / LAND/KL.: SE VAREN", "age_limit": null, "hazard_precaution_statements": [], "labels": [], "description": "Oprindelsen kan være forskellig fra dag til dag. Peberne kommer fra et af følgende lande: Spanien, Marokko, Tyrkiet el. Holland. Oprindelsen af varen i den konkrete pakning, fremgår af mærkningen på pakken.", "info": "Oprindelsesland: Se varen", "images": [{"small": "https://rema-product-images.digital.rema1000.dk/306374/1-small-869DxEa69M.webp", "medium": "https://rema-product-images.digital.rema1000.dk/306374/1-medium-869DxEa69M.webp", "large": "https://rema-product-images.digital.rema1000.dk/306374/1-large-869DxEa69M.webp"}], "prices": [{"price": 18, "price_over_max_quantity": null, "max_quantity": null, "is_advertised": false, "is_campaign": false, "starting_at": "2025-04-27T00:00:00+00:00", "ending_at": "2099-12-31T00:00:00+00:00", "deposit": null, "compare_unit": "kg", "compare_unit_price": 72, "consumption_unit": null, "consumption_quantity": null}], "temperature_zone": null, "is_self_scale_item": false, "is_weight_item": false, "is_available_in_all_stores": false, "is_batch_item": false}
{"id": 306382, "name": "ØKO. PEBER", "underline": "1 STK. / LAND/KL.: SE VAREN", "age_limit": null, "hazard_precaution_statements": [], "labels": [{"id": 5, "name": "Økologi", "image": "https://static-assets.digital.rema1000.dk/product/labels/5-64.webp"}], "description": "<b>OBS</b>: Grundet usædvanlig koldt vejr i Spanien, Italien og Marokko, oplever vi desværre varierende størrelser og manglende forsyninger af denne vare i butikkerne.<br /><br />Oprindelsen kan være forskellig fra dag til dag. Peberne kommer fra et af følgende lande: Spanien, Grækenland, Israel el. Holland. Oprindelsen af varen i den konkrete pakning, fremgår af mærkningen på pakken.", "info": "Oprindelsesland: Se varen", "images": [{"small": "https://rema-product-images.digital.rema1000.dk/306382/1-small-MBoN75lmqv.webp", "medium": "https://rema-product-images.digital.rema1000.dk/306382/1-medium-MBoN75lmqv.webp", "large": "https://rema-product-images.digital.rema1000.dk/306382/1-large-MBoN75lmqv.webp"}], "prices": [{"price": 10, "price_over_max_quantity": null, "max_quantity": null, "is_advertised": false, "is_campaign": false, "starting_at": "2023-03-26T00:00:00+00:00", "ending_at": "2099-12-31T00:00:00+00:00", "deposit": null, "compare_unit": "stk", "compare_unit_price": 10, "consumption_unit": null, "consumption_quantity": null}], "temperature_zone": null, "is_self_scale_item": false, "is_weight_item": false, "is_available_in_all_stores": true, "is_batch_item": false}
{"id": 306386, "name": "CHILI MIX", "underline": "70 GR. / LAND/KL.: SE VAREN", "age_limit": null, "hazard_precaution_statements": [], "labels": [], "description": "Oprindelsen kan være forskellig fra dag til dag. Peberne kommer fra et af følgende lande: Spanien, Marokko el. Holland. Oprindelsen af varen i den konkrete pakning, fremgår af mærkningen på pakken.", "info": "Oprindelsesland: Se varen", "images": [{"small": "https://rema-product-images.digital.rema1000.dk/306386/1-small-A4PypYX79L.webp", "medium": "https://rema-product-images.digital.rema1000.dk/306386/1-medium-A4PypYX79L.webp", "large": "https://rema-product-images.digital.rema1000.dk/306386/1-large-A4PypYX79L.webp"}], "prices": [{"price": 14, "price_over_max_quantity": null, "max_quantity": null, "is_advertised": false, "is_campaign": false, "starting_at": "2023-11-26T00:00:00+00:00", "ending_at": "2099-12-31T00:00:00+00:00", "deposit": null, "compare_unit": "kg", "compare_unit_price": 200, "consumption_unit": null, "consumption_quantity": null}], "temperature_zone": null, "is_self_scale_item": false, "is_weight_item": false, "is_available_in_all_stores": false, "is_batch_item": false}
{"id": 306399, "name": "NORDIC CRISP SALAT", "underline": "75 GR. / DANMARK KL. 1", "age_limit": null, "hazard_precaution_statements": [], "labels": [{"id": 70, "name": "Dansk", "image": "https://static-assets.digital.rema1000.dk/product/labels/70-64.webp"}], "description": null, "info": "Oprindelsesland: Danmark", "images": [{"small": "https://rema-product-images.digital.rema1000.dk/306399/1-small-A5qVyXRMoa.webp", "medium": "https://rema-product-images.digital.rema1000.dk/306399/1-medium-A5qVyXRMoa.webp", "large": "https://rema-product-images.digital.rema1000.dk/306399/1-large-A5qVyXRMoa.webp"}], "prices": [{"price": 15, "price_over_max_quantity": null, "max_quantity": null, "is_advertised": false, "is_campaign": false, "starting_at": "2024-11-17T00:00:00+00:00", "ending_at": "2099-12-31T00:00:00+00:00", "deposit": null, "compare_unit": "kg", "compare_unit_price": 200, "consumption_unit": null, "consumption_quantity": null}], "temperature_zone": null, "is_self_scale_item": false, "is_weight_item": false, "is_available_in_all_stores": true, "is_batch_item": false}
{"id": 306423, "name": "ØKO. SPINAT", "underline": "75 GR. / ITALIEN  KL. 1", "age_limit": null, "hazard_precaution_statements": [], "labels": [{"id": 5, "name": "Økologi", "image": "https://static-assets.digital.rema1000.dk/product/labels/5-64.webp"}], "description": null, "info": "Oprindelsesland: Italien", "images": [{"small": "https://rema-product-images.digital.rema1000.dk/306423/1-small-MNqZaA6loA.webp", "medium": "https://rema-product-images.digital.rema1000.dk/306423/1-medium-MNqZaA6loA.webp", "large": "https://rema-product-images.digital.rema1000.dk/306423/1-large-MNqZaA6loA.webp"}], "prices": [{"price": 10, "price_over_max_quantity": null, "max_quantity": null, "is_advertised": false, "is_campaign": false, "starting_at": "2024-10-27T00:00:00+00:00", "ending_at": "2025-08-23T00:00:00+00:00", "deposit": null, "compare_unit": "kg", "compare_unit_price": 133.33, "consumption_unit": null, "consumption_quantity": null}, {"price": 11, "price_over_max_quantity": null, "max_quantity": null, "is_advertised": false, "is_campaign": false, "starting_at": "2025-08-24T00:00:00+00:00", "ending_at": "2099-12-31T00:00:00+00:00", "deposit": null, "compare_unit": "kg", "compare_unit_price": 146.67, "consumption_unit": null, "consumption_quantity": null}], "temperature_zone": null, "is_self_scale_item": false, "is_weight_item": false, "is_available_in_all_stores": true, "is_batch_item": false}
{"id": 306433, "name": "ØKO. ÆRTESKUD SALAT", "underline": "50 GR. / LAND/KL.: SE VAREN", "age_limit": null, "hazard_precaution_statements": [], "labels": [{"id": 5, "name": "Økologi", "image": "https://static-assets.digital.rema1000.dk/product/labels/5-64.webp"}], "description": null, "info": "Oprindelsesland: Italien", "images": [{"small": "https://rema-product-images.digital.rema1000.dk/306433/1-small-YLPjnr4VPk.webp", "medium": "https://rema-product-images.digital.rema1000.dk/306433/1-medium-YLPjnr4VPk.webp", "large": "https://rema-product-images.digital.rema1000.dk/306433/1-large-YLPjnr4VPk.webp"}], "prices": [{"price": 11, "price_over_max_quantity": null, "max_quantity": null, "is_advertised": false, "is_campaign": false, "starting_at": "2022-06-19T00:00:00+00:00", "ending_at": "2099-12-31T00:00:00+00:00", "deposit": null, "compare_unit": "kg", "compare_unit_price": 220, "consumption_unit": null, "consumption_quantity": null}], "temperature_zone": null, "is_self_scale_item": false, "is_weight_item": false, "is_available_in_all_stores": false, "is_batch_item": false}
{"id": 306435, "name": "SPINAT", "underline": "250 GR. / DANMARK KL.1", "age_limit": null, "hazard_precaution_statements": [], "labels": [{"id": 70, "name": "Dansk", "image": "https://static-assets.digital.rema1000.dk/product/labels/70-64.webp"}], "description": null, "info": "Oprindelsesland: Danmark", "images": [{"small": "https://rema-product-images.digital.rema1000.dk/306435/1-small-Gb9kwg2D97.webp", "medium": "https://rema-product-images.digital.rema1000.dk/306435/1-medium-Gb9kwg2D97.webp", "large": "https://rema-product-images.digital.rema1000.dk/306435/1-large-Gb9kwg2D97.webp"}], "prices": [{"price": 19, "price_over_max_quantity": null, "max_quantity": null, "is_advertised": false, "is_campaign": false, "starting_at": "2025-04-29T00:00:00+00:00", "ending_at": "2099-12-31T00:00:00+00:00", "deposit": null, "compare_unit": "kg", "compare_unit_price": 76, "consumption_unit": null, "consumption_quantity": null}], "temperature_zone": null, "is_self_scale_item": false, "is_weight_item": false, "is_available_in_all_stores": true, "is_batch_item": false}
{"id": 306445, "name": "ØKO. SALAT MIX", "underline": "75 GR. / ITALIEN KL. 1", "age_limit": null, "hazard_precaution_statements": [], "labels": [{"id": 5, "name": "Økologi", "image": "https://static-assets.digital.rema1000.dk/product/labels/5-64.webp"}], "description": null, "info": "Oprindelsesland: Italien", "images": [{"small": "https://rema-product-images.digital.rema1000.dk/306445/1-small-ElPBxGdlqk.webp", "medium": "https://rema-product-images.digital.rema1000.dk/306445/1-medium-ElPBxGdlqk.webp", "large": "https://rema-product-images.digital.rema1000.dk/306445/1-large-ElPBxGdlqk.webp"}], "prices": [{"price": 10, "price_over_max_quantity": null, "max_quantity": null, "is_advertised": false, "is_campaign": false, "starting_at": "2025-01-12T00:00:00+00:00", "ending_at": "2025-08-23T00:00:00+00:00", "deposit": null, "compare_unit": "kg", "compare_unit_price": 133.33, "consumption_unit": null, "consumption_quantity": null}, {"price": 11, "price_over_max_quantity": null, "max_quantity": null, "is_advertised": false, "is_campaign": false, "starting_at": "2025-08-24T00:00:00+00:00", "ending_at": "2099-12-31T00:00:00+00:00", "deposit": null, "compare_unit": "kg", "compare_unit_price": 146.67, "consumption_unit": null, "consumption_quantity": null}], "temperature_zone": null, "is_self_scale_item": false, "is_weight_item": false, "is_available_in_all_stores": true, "is_batch_item": false}
{"id": 306446, "name": "ØKO. HJERTESALAT", "underline": "1 POSE / DANMARK KL. 1", "age_limit": null, "hazard_precaution_statements": [], "labels": [{"id": 6, "name": "Økologi", "image": "https://static-assets.digital.rema1000.dk/product/labels/6-64.webp"}, {"id": 70, "name": "Dansk", "image": "https://static-assets.digital.rema1000.dk/product/labels/70-64.webp"}], "description": null, "info": "Oprindelsesland: Danmark", "images": [{"small": "https://rema-product-images.digital.rema1000.dk/306446/1-small-kAon20QEox.webp", "medium": "https://rema-product-images.digital.rema1000.dk/306446/1-medium-kAon20QEox.webp", "large": "https://rema-product-images.digital.rema1000.dk/306446/1-large-kAon20QEox.webp"}], "prices": [{"price": 14, "price_over_max_quantity": null, "max_quantity": null, "is_advertised": false, "is_campaign": false, "starting_at": "2025-04-26T00:00:00+00:00", "ending_at": "2025-08-23T00:00:00+00:00", "deposit": null, "compare_unit": "pose", "compare_unit_price": 14, "consumption_unit": null, "consumption_quantity": null}], "temperature_zone": null, "is_self_scale_item": false, "is_weight_item": false, "is_available_in_all_stores": true, "is_batch_item": false}
{"id": 306447, "name": "ØKO. RUCOLA", "underline": "75 GR. / ITALIEN KL.1", "age_limit": null, "hazard_precaution_statements": [], "labels": [{"id": 5, "name": "Økologi", "image": "https://static-assets.digital.rema1000.dk/product/labels/5-64.webp"}], "description": null, "info": "Oprindelsesland: Italien", "images": [{"small": "https://rema-product-images.digital.rema1000.dk/306447/1-small-3MoMeMbko5.webp", "medium": "https://rema-product-images.digital.rema1000.dk/306447/1-medium-3MoMeMbko5.webp", "large": "https://rema-product-images.digital.rema1000.dk/306447/1-large-3MoMeMbko5.webp"}], "prices": [{"price": 10, "price_over_max_quantity": null, "max_quantity": null, "is_advertised": false, "is_campaign": false, "starting_at": "2023-01-29T00:00:00+00:00", "ending_at": "2025-08-23T00:00:00+00:00", "deposit": null, "compare_unit": "kg", "compare_unit_price": 133.33, "consumption_unit": null, "consumption_quantity": null}, {"price": 11, "price_over_max_quantity": null, "max_quantity": null, "is_advertised": false, "is_campaign": false, "starting_at": "2025-08-24T00:00:00+00:00", "ending_at": "2099-12-31T00:00:00+00:00", "deposit": null, "compare_unit": "kg", "compare_unit_price": 146.67, "consumption_unit": null, "consumption_quantity": null}], "temperature_zone": null, "is_self_scale_item": false, "is_weight_item": false, "is_available_in_all_stores": true, "is_batch_item": false}
{"id": 306449, "name": "ØKO. FELDSALAT", "underline": "75 GR. / ITALIEN KL.1", "age_limit": null, "hazard_precaution_statements": [], "labels": [{"id": 5, "name": "Økologi", "image": "https://static-assets.digital.rema1000.dk/product/labels/5-64.webp"}], "description": null, "info": "Oprindelsesland: Italien", "images": [{"small": "https://rema-product-images.digital.rema1000.dk/306449/1-small-xQq8VG1JPZ.webp", "medium": "https://rema-product-images.digital.rema1000.dk/306449/1-medium-xQq8VG1JPZ.webp", "large": "https://rema-product-images.digital.rema1000.dk/306449/1-large-xQq8VG1JPZ.webp"}], "prices": [{"price": 11, "price_over_max_quantity": null, "max_quantity": null, "is_advertised": false, "is_campaign": false, "starting_at": "2022-10-23T00:00:00+00:00", "ending_at": "2099-12-31T00:00:00+00:00", "deposit": null, "compare_unit": "kg", "compare_unit_price": 146.67, "consumption_unit": null, "consumption_quantity": null}], "temperature_zone": null, "is_self_scale_item": false, "is_weight_item": false, "is_available_in_all_stores": true, "is_batch_item": false}
{"id": 306450, "name": "FORÅRSLØG", "underline": "1 BDT. / TYSKLAND KL.1", "age_limit": null, "hazard_precaution_statements": [], "labels": [], "description": null, "info": "Oprindelsesland: Tyskland", "images": [{"small": "https://rema-product-images.digital.rema1000.dk/306450/1-small-vVorEv3WP3.webp", "medium": "https://rema-product-images.digital.rema1000.dk/306450/1-medium-vVorEv3WP3.webp", "large": "https://rema-product-images.digital.rema1000.dk/306450/1-large-vVorEv3WP3.webp"}], "prices": [{"price": 8, "price_over_max_quantity": null, "max_quantity": null, "is_advertised": false, "is_campaign": false, "starting_at": "2022-11-16T00:00:00+00:00", "ending_at": "2099-12-31T00:00:00+00:00", "deposit": null, "compare_unit": "bdt", "compare_unit_price": 8, "consumption_unit": null, "consumption_quantity": null}], "temperature_zone": null, "is_self_scale_item": false, "is_weight_item": false, "is_available_in_all_stores": true, "is_batch_item": false}
{"id": 306476, "name": "ØKO. MAJS", "underline": "1 STK. / DANMARK KL. 1", "age_limit": null, "hazard_precaution_statements": [], "labels": [{"id": 6, "name": "Økologi", "image": "https://static-assets.digital.rema1000.dk/product/labels/6-64.webp"}, {"id": 70, "name": "Dansk", "image": "https://static-assets.digital.rema1000.dk/product/labels/70-64.webp"}], "description": null, "info": "Oprindelsesland: Danmark", "images": [{"small": "https://rema-product-images.digital.rema1000.dk/306476/1-small-nDPWab0YqW.webp", "medium": "https://rema-product-images.digital.rema1000.dk/306476/1-medium-nDPWab0YqW.webp", "large": "https://rema-product-images.digital.rema1000.dk/306476/1-large-nDPWab0YqW.webp"}], "prices": [{"price": 9, "price_over_max_quantity": null, "max_quantity": null, "is_advertised": false, "is_campaign": false, "starting_at": "2024-09-22T00:00:00+00:00", "ending_at": "2025-09-13T00:00:00+00:00", "deposit": null, "compare_unit": "stk", "compare_unit_price": 9, "consumption_unit": null, "consumption_quantity": null}], "temperature_zone": null, "is_self_scale_item": false, "is_weight_item": false, "is_available_in_all_stores": false, "is_batch_item": false}
{"id": 306501, "name": "SOMMER HVIDKÅL", "underline": "1 STK. / DANMARK KL. 1", "age_limit": null, "hazard_precaution_statements": [], "labels": [{"id": 70, "name": "Dansk", "image": "https://static-assets.digital.rema1000.dk/product/labels/70-64.webp"}], "description": null, "info": "Oprindelsesland: Danmark", "images": [{"small": "https://rema-product-images.digital.rema1000.dk/306501/1-small-ElPBxGnWqk.webp", "medium": "https://rema-product-images.digital.rema1000.dk/306501/1-medium-ElPBxGnWqk.webp", "large": "https://rema-product-images.digital.rema1000.dk/306501/1-large-ElPBxGnWqk.webp"}], "prices": [{"price": 15, "price_over_max_quantity": null, "max_quantity": null, "is_advertised": false, "is_campaign": false, "starting_at": "2025-05-29T00:00:00+00:00", "ending_at": "2099-12-31T00:00:00+00:00", "deposit": null, "compare_unit": "stk", "compare_unit_price": 15, "consumption_unit": null, "consumption_quantity": null}], "temperature_zone": null, "is_self_scale_item": false, "is_weight_item": false, "is_available_in_all_stores": false, "is_batch_item": false}
{"id": 306520, "name": "GULERØDDER", "underline": "1 KG. / DANMARK KL. 1", "age_limit": null, "hazard_precaution_statements": [], "labels": [{"id": 70, "name": "Dansk", "image": "https://static-assets.digital.rema1000.dk/product/labels/70-64.webp"}], "description": null, "info": "Oprindelsesland: Danmark", "images": [{"small": "https://rema-product-images.digital.rema1000.dk/306520/1-small-AKqexBd2op.webp", "medium": "https://rema-product-images.digital.rema1000.dk/306520/1-medium-AKqexBd2op.webp", "large": "https://rema-product-images.digital.rema1000.dk/306520/1-large-AKqexBd2op.webp"}], "prices": [{"price": 11, "price_over_max_quantity": null, "max_quantity": null, "is_advertised": false, "is_campaign": false, "starting_at": "2024-06-30T00:00:00+00:00", "ending_at": "2025-08-23T00:00:00+00:00", "deposit": null, "compare_unit": "kg", "compare_unit_price": 11, "consumption_unit": null, "consumption_quantity": null}], "temperature_zone": null, "is_self_scale_item": false, "is_weight_item": false, "is_available_in_all_stores": true, "is_batch_item": false}
{"id": 306541, "name": "ØKO. MIX RØDDER", "underline": "1 KG. / DANMARK KL. 1", "age_limit": null, "hazard_precaution_statements": [], "labels": [{"id": 6, "name": "Økologi", "image": "https://static-assets.digital.rema1000.dk/product/labels/6-64.webp"}, {"id": 70, "name": "Dansk", "image": "https://static-assets.digital.rema1000.dk/product/labels/70-64.webp"}], "description": null, "info": "Oprindelsesland: Danmark", "images": [{"small": "https://rema-product-images.digital.rema1000.dk/306541/1-small-we9EzGxRPg.webp", "medium": "https://rema-product-images.digital.rema1000.dk/306541/1-medium-we9EzGxRPg.webp", "large": "https://rema-product-images.digital.rema1000.dk/306541/1-large-we9EzGxRPg.webp"}], "prices": [{"price": 16, "price_over_max_quantity": null, "max_quantity": null, "is_advertised": false, "is_campaign": false, "starting_at": "2023-08-15T00:00:00+00:00", "ending_at": "2099-12-31T00:00:00+00:00", "deposit": null, "compare_unit": "kg", "compare_unit_price": 16, "consumption_unit": null, "consumption_quantity": null}], "temperature_zone": null, "is_self_scale_item": false, "is_weight_item": false, "is_available_in_all_stores": false, "is_batch_item": false}
{"id": 306542, "name": "ØKO. SNACK GULERØDDER", "underline": "200 GR. / DANMARK KL. 1", "age_limit": null, "hazard_precaution_statements": [], "labels": [{"id": 6, "name": "Økologi", "image": "https://static-assets.digital.rema1000.dk/product/labels/6-64.webp"}, {"id": 70, "name": "Dansk", "image": "https://static-assets.digital.rema1000.dk/product/labels/70-64.webp"}], "description": null, "info": "Oprindelsesland: Danmark", "images": [{"small": "https://rema-product-images.digital.rema1000.dk/306542/1-small-A4PypY7J9L.webp", "medium": "https://rema-product-images.digital.rema1000.dk/306542/1-medium-A4PypY7J9L.webp", "large": "https://rema-product-images.digital.rema1000.dk/306542/1-large-A4PypY7J9L.webp"}], "prices": [{"price": 8.5, "price_over_max_quantity": null, "max_quantity": null, "is_advertised": false, "is_campaign": false, "starting_at": "2023-08-13T00:00:00+00:00", "ending_at": "2099-12-31T00:00:00+00:00", "deposit": null, "compare_unit": "kg", "compare_unit_price": 42.5, "consumption_unit": null, "consumption_quantity": null}], "temperature_zone": null, "is_self_scale_item": false, "is_weight_item": false, "is_available_in_all_stores": true, "is_batch_item": false}
{"id": 306543, "name": "ØKO. FARVEDE RØDDER", "underline": "0.08 KG. / \" VEJ SELV \" DANMARK KL. 1", "age_limit": null, "hazard_precaution_statements": [], "labels": [{"id": 6, "name": "Økologi", "image": "https://static-assets.digital.rema1000.dk/product/labels/6-64.webp"}, {"id": 70, "name": "Dansk", "image": "https://static-assets.digital.rema1000.dk/product/labels/70-64.webp"}], "description": null, "info": "Oprindelsesland: Danmark", "images": [{"small": "https://rema-product-images.digital.rema1000.dk/306543/1-small-dyomnKdBqV.webp", "medium": "https://rema-product-images.digital.rema1000.dk/306543/1-medium-dyomnKdBqV.webp", "large": "https://rema-product-images.digital.rema1000.dk/306543/1-large-dyomnKdBqV.webp"}], "prices": [{"price": 1.13, "price_over_max_quantity": null, "max_quantity": null, "is_advertised": false, "is_campaign": false, "starting_at": "2023-01-29T00:00:00+00:00", "ending_at": "2099-12-31T00:00:00+00:00", "deposit": null, "compare_unit": "kg", "compare_unit_price": 15, "consumption_unit": null, "consumption_quantity": null}], "temperature_zone": null, "is_self_scale_item": false, "is_weight_item": true, "is_available_in_all_stores": false, "is_batch_item": false}
{"id": 306570, "name": "ØKO. GULERØDDER", "underline": "1 KG. / DANMARK KL. 1", "age_limit": null, "hazard_precaution_statements": [], "labels": [{"id": 6, "name": "Økologi", "image": "https://static-assets.digital.rema1000.dk/product/labels/6-64.webp"}, {"id": 70, "name": "Dansk", "image": "https://static-assets.digital.rema1000.dk/product/labels/70-64.webp"}], "description": null, "info": "Oprindelsesland: Danmark", "images": [{"small": "https://rema-product-images.digital.rema1000.dk/306570/1-small-kOq3WJBVq6.webp", "medium": "https://rema-product-images.digital.rema1000.dk/306570/1-medium-kOq3WJBVq6.webp", "large": "https://rema-product-images.digital.rema1000.dk/306570/1-large-kOq3WJBVq6.webp"}], "prices": [{"price": 14, "price_over_max_quantity": null, "max_quantity": null, "is_advertised": false, "is_campaign": false, "starting_at": "2023-06-21T00:00:00+00:00", "ending_at": "2025-08-30T00:00:00+00:00", "deposit": null, "compare_unit": "kg", "compare_unit_price": 14, "consumption_unit": null, "consumption_quantity": null}], "temperature_zone": null, "is_self_scale_item": false, "is_weight_item": false, "is_available_in_all_stores": true, "is_batch_item": false}
{"id": 306580, "name": "ØKO. PAK CHOI", "underline": "1 STK. / DANMARK KL. 1", "age_limit": null, "hazard_precaution_statements": [], "labels": [{"id": 6, "name": "Økologi", "image": "https://static-assets.digital.rema1000.dk/product/labels/6-64.webp"}, {"id": 70, "name": "Dansk", "image": "https://static-assets.digital.rema1000.dk/product/labels/70-64.webp"}], "description": null, "info": "Oprindelsesland: Danmark", "images": [{"small": "https://rema-product-images.digital.rema1000.dk/306580/1-small-7doL7nGNP6.webp", "medium": "https://rema-product-images.digital.rema1000.dk/306580/1-medium-7doL7nGNP6.webp", "large": "https://rema-product-images.digital.rema1000.dk/306580/1-large-7doL7nGNP6.webp"}], "prices": [{"price": 18, "price_over_max_quantity": null, "max_quantity": null, "is_advertised": false, "is_campaign": false, "starting_at": "2025-04-28T00:00:00+00:00", "ending_at": "2099-12-31T00:00:00+00:00", "deposit": null, "compare_unit": "stk", "compare_unit_price": 18, "consumption_unit": null, "consumption_quantity": null}], "temperature_zone": null, "is_self_scale_item": false, "is_weight_item": false, "is_available_in_all_stores": true, "is_batch_item": false}
{"id": 306600, "name": "PORRER", "underline": "1 STK. / DANMARK KL.1", "age_limit": null, "hazard_precaution_statements": [], "labels": [{"id": 9001, "name": "Avisvare", "image": "https://static-assets.digital.rema1000.dk/product/labels/9001-64.webp"}, {"id": 70, "name": "Dansk", "image": "https://static-assets.digital.rema1000.dk/product/labels/70-64.webp"}], "description": null, "info": "Oprindelsesland: Danmark", "images": [{"small": "https://rema-product-images.digital.rema1000.dk/306600/1-small-xePwR6vJ9w.webp", "medium": "https://rema-product-images.digital.rema1000.dk/306600/1-medium-xePwR6vJ9w.webp", "large": "https://rema-product-images.digital.rema1000.dk/306600/1-large-xePwR6vJ9w.webp"}], "prices": [{"price": 4, "price_over_max_quantity": null, "max_quantity": null, "is_advertised": true, "is_campaign": true, "starting_at": "2025-08-17T00:00:00+00:00", "ending_at": "2025-08-23T00:00:00+00:00", "deposit": null, "compare_unit": "stk", "compare_unit_price": 4, "consumption_unit": null, "consumption_quantity": null}, {"price": 6, "price_over_max_quantity": null, "max_quantity": null, "is_advertised": false, "is_campaign": false, "starting_at": "2025-08-24T00:00:00+00:00", "ending_at": "2025-09-13T00:00:00+00:00", "deposit": null, "compare_unit": "stk", "compare_unit_price": 6, "consumption_unit": null, "consumption_quantity": null}], "temperature_zone": null, "is_self_scale_item": false, "is_weight_item": false, "is_available_in_all_stores": true, "is_batch_item": false}
{"id": 306603, "name": "PASTINAKKER", "underline": "500 GR. / DANMARK KL. 1", "age_limit": null, "hazard_precaution_statements": [], "labels": [{"id": 70, "name": "Dansk", "image": "https://static-assets.digital.rema1000.dk/product/labels/70-64.webp"}], "description": null, "info": "Oprindelsesland: Danmark", "images": [{"small": "https://rema-product-images.digital.rema1000.dk/306603/1-small-3MoMeMOlo5.webp", "medium": "https://rema-product-images.digital.rema1000.dk/306603/1-medium-3MoMeMOlo5.webp", "large": "https://rema-product-images.digital.rema1000.dk/306603/1-large-3MoMeMOlo5.webp"}], "prices": [{"price": 14, "price_over_max_quantity": null, "max_quantity": null, "is_advertised": false, "is_campaign": false, "starting_at": "2025-08-10T00:00:00+00:00", "ending_at": "2099-12-31T00:00:00+00:00", "deposit": null, "compare_unit": "kg", "compare_unit_price": 28, "consumption_unit": null, "consumption_quantity": null}], "temperature_zone": null, "is_self_scale_item": false, "is_weight_item": false, "is_available_in_all_stores": false, "is_batch_item": false}
{"id": 306604, "name": "PERSILLERØDDER", "underline": "500 GR. / DANMARK KL. 1", "age_limit": null, "hazard_precaution_statements": [], "labels": [{"id": 70, "name": "Dansk", "image": "https://static-assets.digital.rema1000.dk/product/labels/70-64.webp"}], "description": null, "info": "Oprindelsesland: Danmark", "images": [{"small": "https://rema-product-images.digital.rema1000.dk/306604/1-small-OJq5jGX19p.webp", "medium": "https://rema-product-images.digital.rema1000.dk/306604/1-medium-OJq5jGX19p.webp", "large": "https://rema-product-images.digital.rema1000.dk/306604/1-large-OJq5jGX19p.webp"}], "prices": [{"price": 14, "price_over_max_quantity": null, "max_quantity": null, "is_advertised": false, "is_campaign": false, "starting_at": "2025-08-10T00:00:00+00:00", "ending_at": "2099-12-31T00:00:00+00:00", "deposit": null, "compare_unit": "kg", "compare_unit_price": 28, "consumption_unit": null, "consumption_quantity": null}], "temperature_zone": null, "is_self_scale_item": false, "is_weight_item": false, "is_available_in_all_stores": true, "is_batch_item": false}
{"id": 306616, "name": "ØKO. PORRER", "underline": "1 STK. / DANMARK  KL. 1", "age_limit": null, "hazard_precaution_statements": [], "labels": [{"id": 6, "name": "Økologi", "image": "https://static-assets.digital.rema1000.dk/product/labels/6-64.webp"}, {"id": 70, "name": "Dansk", "image": "https://static-assets.digital.rema1000.dk/product/labels/70-64.webp"}], "description": null, "info": "Oprindelsesland: Danmark", "images": [{"small": "https://rema-product-images.digital.rema1000.dk/306616/1-small-6xqArG7v9D.webp", "medium": "https://rema-product-images.digital.rema1000.dk/306616/1-medium-6xqArG7v9D.webp", "large": "https://rema-product-images.digital.rema1000.dk/306616/1-large-6xqArG7v9D.webp"}], "prices": [{"price": 8, "price_over_max_quantity": null, "max_quantity": null, "is_advertised": false, "is_campaign": false, "starting_at": "2025-07-16T00:00:00+00:00", "ending_at": "2099-12-31T00:00:00+00:00", "deposit": null, "compare_unit": "stk", "compare_unit_price": 8, "consumption_unit": null, "consumption_quantity": null}], "temperature_zone": null, "is_self_scale_item": false, "is_weight_item": false, "is_available_in_all_stores": false, "is_batch_item": false}
{"id": 306621, "name": "ØKO. SPIDSKÅL", "underline": "1 STK. / DANMARK KL.1", "age_limit": null, "hazard_precaution_statements": [], "labels": [{"id": 6, "name": "Økologi", "image": "https://static-assets.digital.rema1000.dk/product/labels/6-64.webp"}, {"id": 70, "name": "Dansk", "image": "https://static-assets.digital.rema1000.dk/product/labels/70-64.webp"}], "description": null, "info": "Oprindelsesland: Danmark", "images": [{"small": "https://rema-product-images.digital.rema1000.dk/306621/1-small-bJ9YzRQAPL.webp", "medium": "https://rema-product-images.digital.rema1000.dk/306621/1-medium-bJ9YzRQAPL.webp", "large": "https://rema-product-images.digital.rema1000.dk/306621/1-large-bJ9YzRQAPL.webp"}], "prices": [{"price": 18, "price_over_max_quantity": null, "max_quantity": null, "is_advertised": false, "is_campaign": false, "starting_at": "2025-05-25T00:00:00+00:00", "ending_at": "2099-12-31T00:00:00+00:00", "deposit": null, "compare_unit": "stk", "compare_unit_price": 18, "consumption_unit": null, "consumption_quantity": null}], "temperature_zone": null, "is_self_scale_item": false, "is_weight_item": false, "is_available_in_all_stores": true, "is_batch_item": false}
{"id": 306627, "name": "ØKO. SELLERI M/TOP", "underline": "1 STK. / DANMARK KL. 1", "age_limit": null, "hazard_precaution_statements": [], "labels": [{"id": 6, "name": "Økologi", "image": "https://static-assets.digital.rema1000.dk/product/labels/6-64.webp"}, {"id": 70, "name": "Dansk", "image": "https://static-assets.digital.rema1000.dk/product/labels/70-64.webp"}], "description": null, "info": "Oprindelsesland: Danmark", "images": [{"small": "https://rema-product-images.digital.rema1000.dk/306627/1-small-OW9OR8aYqg.webp", "medium": "https://rema-product-images.digital.rema1000.dk/306627/1-medium-OW9OR8aYqg.webp", "large": "https://rema-product-images.digital.rema1000.dk/306627/1-large-OW9OR8aYqg.webp"}], "prices": [{"price": 17, "price_over_max_quantity": null, "max_quantity": null, "is_advertised": false, "is_campaign": false, "starting_at": "2025-08-14T00:00:00+00:00", "ending_at": "2099-12-31T00:00:00+00:00", "deposit": null, "compare_unit": "stk", "compare_unit_price": 17, "consumption_unit": null, "consumption_quantity": null}], "temperature_zone": null, "is_self_scale_item": false, "is_weight_item": false, "is_available_in_all_stores": true, "is_batch_item": false}
{"id": 306633, "name": "ØKO. PORTOBELLO", "underline": "250 GR. / DANMARK KL. 1", "age_limit": null, "hazard_precaution_statements": [], "labels": [{"id": 6, "name": "Økologi", "image": "https://static-assets.digital.rema1000.dk/product/labels/6-64.webp"}, {"id": 70, "name": "Dansk", "image": "https://static-assets.digital.rema1000.dk/product/labels/70-64.webp"}], "description": null, "info": "Oprindelsesland: Danmark", "images": [{"small": "https://rema-product-images.digital.rema1000.dk/306633/1-small-YLPjnrB2Pk.webp", "medium": "https://rema-product-images.digital.rema1000.dk/306633/1-medium-YLPjnrB2Pk.webp", "large": "https://rema-product-images.digital.rema1000.dk/306633/1-large-YLPjnrB2Pk.webp"}], "prices": [{"price": 20, "price_over_max_quantity": null, "max_quantity": null, "is_advertised": false, "is_campaign": false, "starting_at": "2022-12-01T00:00:00+00:00", "ending_at": "2099-12-31T00:00:00+00:00", "deposit": null, "compare_unit": "kg", "compare_unit_price": 80, "consumption_unit": null, "consumption_quantity": null}], "temperature_zone": null, "is_self_scale_item": false, "is_weight_item": false, "is_available_in_all_stores": false, "is_batch_item": false}
{"id": 306645, "name": "ØKO. RØDBEDER", "underline": "1 KG. / DANMARK KL. 1", "age_limit": null, "hazard_precaution_statements": [], "labels": [{"id": 6, "name": "Økologi", "image": "https://static-assets.digital.rema1000.dk/product/labels/6-64.webp"}, {"id": 70, "name": "Dansk", "image": "https://static-assets.digital.rema1000.dk/product/labels/70-64.webp"}], "description": null, "info": "Oprindelsesland: Danmark", "images": [{"small": "https://rema-product-images.digital.rema1000.dk/306645/1-small-ElPBxG8jqk.webp", "medium": "https://rema-product-images.digital.rema1000.dk/306645/1-medium-ElPBxG8jqk.webp", "large": "https://rema-product-images.digital.rema1000.dk/306645/1-large-ElPBxG8jqk.webp"}], "prices": [{"price": 12, "price_over_max_quantity": null, "max_quantity": null, "is_advertised": false, "is_campaign": false, "starting_at": "2025-07-16T00:00:00+00:00", "ending_at": "2025-08-23T00:00:00+00:00", "deposit": null, "compare_unit": "kg", "compare_unit_price": 12, "consumption_unit": null, "consumption_quantity": null}], "temperature_zone": null, "is_self_scale_item": false, "is_weight_item": false, "is_available_in_all_stores": true, "is_batch_item": false}
{"id": 306650, "name": "SPIDSKÅL", "underline": "1 STK. / DANMARK KL. 1", "age_limit": null, "hazard_precaution_statements": [], "labels": [{"id": 9001, "name": "Avisvare", "image": "https://static-assets.digital.rema1000.dk/product/labels/9001-64.webp"}, {"id": 70, "name": "Dansk", "image": "https://static-assets.digital.rema1000.dk/product/labels/70-64.webp"}], "description": null, "info": "Oprindelsesland: Danmark", "images": [{"small": "https://rema-product-images.digital.rema1000.dk/306650/1-small-vVorEv6BP3.webp", "medium": "https://rema-product-images.digital.rema1000.dk/306650/1-medium-vVorEv6BP3.webp", "large": "https://rema-product-images.digital.rema1000.dk/306650/1-large-vVorEv6BP3.webp"}], "prices": [{"price": 10, "price_over_max_quantity": null, "max_quantity": null, "is_advertised": true, "is_campaign": true, "starting_at": "2025-08-17T00:00:00+00:00", "ending_at": "2025-08-23T00:00:00+00:00", "deposit": null, "compare_unit": "stk", "compare_unit_price": 10, "consumption_unit": null, "consumption_quantity": null}, {"price": 15, "price_over_max_quantity": null, "max_quantity": null, "is_advertised": false, "is_campaign": false, "starting_at": "2025-08-24T00:00:00+00:00", "ending_at": "2025-09-10T00:00:00+00:00", "deposit": null, "compare_unit": "stk", "compare_unit_price": 15, "consumption_unit": null, "consumption_quantity": null}], "temperature_zone": null, "is_self_scale_item": false, "is_weight_item": false, "is_available_in_all_stores": true, "is_batch_item": false}
{"id": 306664, "name": "RABARBER", "underline": "1 BDT. / DANMARK KL. 1", "age_limit": null, "hazard_precaution_statements": [], "labels": [{"id": 70, "name": "Dansk", "image": "https://static-assets.digital.rema1000.dk/product/labels/70-64.webp"}], "description": null, "info": "Oprindelsesland: Danmark", "images": [{"small": "https://rema-product-images.digital.rema1000.dk/306664/1-small-AKqexBrRop.webp", "medium": "https://rema-product-images.digital.rema1000.dk/306664/1-medium-AKqexBrRop.webp", "large": "https://rema-product-images.digital.rema1000.dk/306664/1-large-AKqexBrRop.webp"}], "prices": [{"price": 23, "price_over_max_quantity": null, "max_quantity": null, "is_advertised": false, "is_campaign": false, "starting_at": "2025-05-11T00:00:00+00:00", "ending_at": "2099-12-31T00:00:00+00:00", "deposit": null, "compare_unit": "bdt", "compare_unit_price": 23, "consumption_unit": null, "consumption_quantity": null}], "temperature_zone": null, "is_self_scale_item": false, "is_weight_item": false, "is_available_in_all_stores": true, "is_batch_item": false}
{"id": 306665, "name": "ØKO. RØDE SPIDSKÅL", "underline": "1 STK. / DANMARK KL. 1", "age_limit": null, "hazard_precaution_statements": [], "labels": [{"id": 6, "name": "Økologi", "image": "https://static-assets.digital.rema1000.dk/product/labels/6-64.webp"}, {"id": 70, "name": "Dansk", "image": "https://static-assets.digital.rema1000.dk/product/labels/70-64.webp"}], "description": null, "info": "Oprindelsesland: Danmark", "images": [{"small": "https://rema-product-images.digital.rema1000.dk/306665/1-small-bJ9YzRZAPL.webp", "medium": "https://rema-product-images.digital.rema1000.dk/306665/1-medium-bJ9YzRZAPL.webp", "large": "https://rema-product-images.digital.rema1000.dk/306665/1-large-bJ9YzRZAPL.webp"}], "prices": [{"price": 17, "price_over_max_quantity": null, "max_quantity": null, "is_advertised": false, "is_campaign": false, "starting_at": "2025-06-14T00:00:00+00:00", "ending_at": "2099-12-31T00:00:00+00:00", "deposit": null, "compare_unit": "stk", "compare_unit_price": 17, "consumption_unit": null, "consumption_quantity": null}], "temperature_zone": null, "is_self_scale_item": false, "is_weight_item": false, "is_available_in_all_stores": false, "is_batch_item": false}
{"id": 306671, "name": "ØKO. GRØNKÅL", "underline": "400 GR. / DANMARK  KL.1", "age_limit": null, "hazard_precaution_statements": [], "labels": [{"id": 6, "name": "Økologi", "image": "https://static-assets.digital.rema1000.dk/product/labels/6-64.webp"}, {"id": 70, "name": "Dansk", "image": "https://static-assets.digital.rema1000.dk/product/labels/70-64.webp"}], "description": null, "info": "Oprindelsesland: Danmark", "images": [{"small": "https://rema-product-images.digital.rema1000.dk/306671/1-small-OW9OR8QYqg.webp", "medium": "https://rema-product-images.digital.rema1000.dk/306671/1-medium-OW9OR8QYqg.webp", "large": "https://rema-product-images.digital.rema1000.dk/306671/1-large-OW9OR8QYqg.webp"}], "prices": [{"price": 18, "price_over_max_quantity": null, "max_quantity": null, "is_advertised": false, "is_campaign": false, "starting_at": "2024-12-01T00:00:00+00:00", "ending_at": "2099-12-31T00:00:00+00:00", "deposit": null, "compare_unit": "kg", "compare_unit_price": 45, "consumption_unit": null, "consumption_quantity": null}], "temperature_zone": null, "is_self_scale_item": false, "is_weight_item": false, "is_available_in_all_stores": true, "is_batch_item": false}
{"id": 306676, "name": "FENNIKEL", "underline": "1 STK. / ITALIEN KL.1", "age_limit": null, "hazard_precaution_statements": [], "labels": [], "description": null, "info": "Oprindelsesland: Italien", "images": [{"small": "https://rema-product-images.digital.rema1000.dk/306676/1-small-nDPWabZkqW.webp", "medium": "https://rema-product-images.digital.rema1000.dk/306676/1-medium-nDPWabZkqW.webp", "large": "https://rema-product-images.digital.rema1000.dk/306676/1-large-nDPWabZkqW.webp"}], "prices": [{"price": 11, "price_over_max_quantity": null, "max_quantity": null, "is_advertised": false, "is_campaign": false, "starting_at": "2024-12-15T00:00:00+00:00", "ending_at": "2099-12-31T00:00:00+00:00", "deposit": null, "compare_unit": "stk", "compare_unit_price": 11, "consumption_unit": null, "consumption_quantity": null}], "temperature_zone": null, "is_self_scale_item": false, "is_weight_item": false, "is_available_in_all_stores": true, "is_batch_item": false}
{"id": 306677, "name": "SAVOYKÅL", "underline": "1 STK. / DANMARK. KL. 1", "age_limit": null, "hazard_precaution_statements": [], "labels": [], "description": null, "info": "Oprindelsesland: Danmark", "images": [{"small": "https://rema-product-images.digital.rema1000.dk/306677/1-small-YLPjnrV2Pk.webp", "medium": "https://rema-product-images.digital.rema1000.dk/306677/1-medium-YLPjnrV2Pk.webp", "large": "https://rema-product-images.digital.rema1000.dk/306677/1-large-YLPjnrV2Pk.webp"}], "prices": [{"price": 18, "price_over_max_quantity": null, "max_quantity": null, "is_advertised": false, "is_campaign": false, "starting_at": "2025-08-03T00:00:00+00:00", "ending_at": "2099-12-31T00:00:00+00:00", "deposit": null, "compare_unit": "stk", "compare_unit_price": 18, "consumption_unit": null, "consumption_quantity": null}], "temperature_zone": null, "is_self_scale_item": false, "is_weight_item": false, "is_available_in_all_stores": false, "is_batch_item": false}
{"id": 306689, "name": "ØKO. CHAMPIGNON", "underline": "200 GR. / DANMARK KL.1", "age_limit": null, "hazard_precaution_statements": [], "labels": [{"id": 6, "name": "Økologi", "image": "https://static-assets.digital.rema1000.dk/product/labels/6-64.webp"}, {"id": 70, "name": "Dansk", "image": "https://static-assets.digital.rema1000.dk/product/labels/70-64.webp"}], "description": null, "info": "Oprindelsesland: Danmark", "images": [{"small": "https://rema-product-images.digital.rema1000.dk/306689/1-small-ElPBxGBjqk.webp", "medium": "https://rema-product-images.digital.rema1000.dk/306689/1-medium-ElPBxGBjqk.webp", "large": "https://rema-product-images.digital.rema1000.dk/306689/1-large-ElPBxGBjqk.webp"}], "prices": [{"price": 15, "price_over_max_quantity": null, "max_quantity": null, "is_advertised": false, "is_campaign": false, "starting_at": "2024-06-23T00:00:00+00:00", "ending_at": "2099-12-31T00:00:00+00:00", "deposit": null, "compare_unit": "kg", "compare_unit_price": 75, "consumption_unit": null, "consumption_quantity": null}], "temperature_zone": null, "is_self_scale_item": false, "is_weight_item": false, "is_available_in_all_stores": true, "is_batch_item": false}
{"id": 306690, "name": "SVAMPEMIX", "underline": "200 GR. / LAND/KL.: SE VAREN", "age_limit": null, "hazard_precaution_statements": [], "labels": [], "description": "Oprindelsen kan være forskellig fra dag til dag. Svampene kommer fra et af følgende lande: Polen, Korea, Litauen, Holland og Kina. Oprindelsen af varen i den konkrete pakning, fremgår af mærkningen på pakken.", "info": "Oprindelsesland: Se varen", "images": [{"small": "https://rema-product-images.digital.rema1000.dk/306690/1-small-kAon20jyox.webp", "medium": "https://rema-product-images.digital.rema1000.dk/306690/1-medium-kAon20jyox.webp", "large": "https://rema-product-images.digital.rema1000.dk/306690/1-large-kAon20jyox.webp"}], "prices": [{"price": 28, "price_over_max_quantity": null, "max_quantity": null, "is_advertised": false, "is_campaign": false, "starting_at": "2025-02-16T00:00:00+00:00", "ending_at": "2099-12-31T00:00:00+00:00", "deposit": null, "compare_unit": "kg", "compare_unit_price": 140, "consumption_unit": null, "consumption_quantity": null}], "temperature_zone": null, "is_self_scale_item": false, "is_weight_item": false, "is_available_in_all_stores": true, "is_batch_item": false}
{"id": 306693, "name": "KANTARELLER", "underline": "150 GR. / LAND/KL.: SE VAREN", "age_limit": null, "hazard_precaution_statements": [], "labels": [], "description": "Oprindelsen kan være forskellig fra dag til dag. Svampene kommer fra et af følgende lande: Serbien, Bulgarien, Polen, Litauen. Oprindelsen af varen i den konkrete pakning, fremgår af mærkningen på pakken.", "info": "Oprindelsesland: Se varen", "images": [{"small": "https://rema-product-images.digital.rema1000.dk/306693/1-small-xQq8VGKdPZ.webp", "medium": "https://rema-product-images.digital.rema1000.dk/306693/1-medium-xQq8VGKdPZ.webp", "large": "https://rema-product-images.digital.rema1000.dk/306693/1-large-xQq8VGKdPZ.webp"}], "prices": [{"price": 30, "price_over_max_quantity": null, "max_quantity": null, "is_advertised": false, "is_campaign": false, "starting_at": "2025-07-27T00:00:00+00:00", "ending_at": "2025-08-27T00:00:00+00:00", "deposit": null, "compare_unit": "kg", "compare_unit_price": 200, "consumption_unit": null, "consumption_quantity": null}], "temperature_zone": null, "is_self_scale_item": false, "is_weight_item": false, "is_available_in_all_stores": true, "is_batch_item": false}
{"id": 306700, "name": "CHAMPIGNON", "underline": "250 GR. / DANMARK. KL. 1", "age_limit": null, "hazard_precaution_statements": [], "labels": [{"id": 70, "name": "Dansk", "image": "https://static-assets.digital.rema1000.dk/product/labels/70-64.webp"}], "description": null, "info": "Oprindelsesland: Danmark", "images": [{"small": "https://rema-product-images.digital.rema1000.dk/306700/1-small-xePwR6w19w.webp", "medium": "https://rema-product-images.digital.rema1000.dk/306700/1-medium-xePwR6w19w.webp", "large": "https://rema-product-images.digital.rema1000.dk/306700/1-large-xePwR6w19w.webp"}], "prices": [{"price": 15, "price_over_max_quantity": null, "max_quantity": null, "is_advertised": false, "is_campaign": false, "starting_at": "2023-01-01T00:00:00+00:00", "ending_at": "2099-12-31T00:00:00+00:00", "deposit": null, "compare_unit": "kg", "compare_unit_price": 60, "consumption_unit": null, "consumption_quantity": null}], "temperature_zone": null, "is_self_scale_item": false, "is_weight_item": false, "is_available_in_all_stores": true, "is_batch_item": false}
{"id": 306703, "name": "ØKO. CHAMP. I SKIVER", "underline": "100 GR. / DANMARK KL.1", "age_limit": null, "hazard_precaution_statements": [], "labels": [{"id": 6, "name": "Økologi", "image": "https://static-assets.digital.rema1000.dk/product/labels/6-64.webp"}, {"id": 70, "name": "Dansk", "image": "https://static-assets.digital.rema1000.dk/product/labels/70-64.webp"}], "description": null, "info": "Oprindelsesland: Danmark", "images": [{"small": "https://rema-product-images.digital.rema1000.dk/306703/1-small-3MoMeMXyo5.webp", "medium": "https://rema-product-images.digital.rema1000.dk/306703/1-medium-3MoMeMXyo5.webp", "large": "https://rema-product-images.digital.rema1000.dk/306703/1-large-3MoMeMXyo5.webp"}], "prices": [{"price": 7, "price_over_max_quantity": null, "max_quantity": null, "is_advertised": false, "is_campaign": false, "starting_at": "2022-11-20T00:00:00+00:00", "ending_at": "2099-12-31T00:00:00+00:00", "deposit": null, "compare_unit": "kg", "compare_unit_price": 70, "consumption_unit": null, "consumption_quantity": null}], "temperature_zone": null, "is_self_scale_item": false, "is_weight_item": false, "is_available_in_all_stores": false, "is_batch_item": false}
{"id": 306706, "name": "DILD", "underline": "1 STK. / DANMARK KL. 1", "age_limit": null, "hazard_precaution_statements": [], "labels": [{"id": 70, "name": "Dansk", "image": "https://static-assets.digital.rema1000.dk/product/labels/70-64.webp"}], "description": null, "info": "Oprindelsesland: Danmark", "images": [{"small": "https://rema-product-images.digital.rema1000.dk/306706/1-small-vVorEvJvP3.webp", "medium": "https://rema-product-images.digital.rema1000.dk/306706/1-medium-vVorEvJvP3.webp", "large": "https://rema-product-images.digital.rema1000.dk/306706/1-large-vVorEvJvP3.webp"}], "prices": [{"price": 9, "price_over_max_quantity": null, "max_quantity": null, "is_advertised": false, "is_campaign": false, "starting_at": "2023-01-15T00:00:00+00:00", "ending_at": "2099-12-31T00:00:00+00:00", "deposit": null, "compare_unit": "stk", "compare_unit_price": 9, "consumption_unit": null, "consumption_quantity": null}], "temperature_zone": null, "is_self_scale_item": false, "is_weight_item": false, "is_available_in_all_stores": true, "is_batch_item": false}
{"id": 306708, "name": "PURLØG", "underline": "1 STK. / DANMARK KL. 1", "age_limit": null, "hazard_precaution_statements": [], "labels": [{"id": 70, "name": "Dansk", "image": "https://static-assets.digital.rema1000.dk/product/labels/70-64.webp"}], "description": null, "info": "Oprindelsesland: Danmark", "images": [{"small": "https://rema-product-images.digital.rema1000.dk/306708/1-small-NpP7bG7l9O.webp", "medium": "https://rema-product-images.digital.rema1000.dk/306708/1-medium-NpP7bG7l9O.webp", "large": "https://rema-product-images.digital.rema1000.dk/306708/1-large-NpP7bG7l9O.webp"}], "prices": [{"price": 9, "price_over_max_quantity": null, "max_quantity": null, "is_advertised": false, "is_campaign": false, "starting_at": "2023-01-15T00:00:00+00:00", "ending_at": "2099-12-31T00:00:00+00:00", "deposit": null, "compare_unit": "stk", "compare_unit_price": 9, "consumption_unit": null, "consumption_quantity": null}], "temperature_zone": null, "is_self_scale_item": false, "is_weight_item": false, "is_available_in_all_stores": true, "is_batch_item": false}
{"id": 306712, "name": "PERSILLE", "underline": "1 STK. / DANMARK KL. 1", "age_limit": null, "hazard_precaution_statements": [], "labels": [{"id": 70, "name": "Dansk", "image": "https://static-assets.digital.rema1000.dk/product/labels/70-64.webp"}], "description": null, "info": "Oprindelsesland: Danmark", "images": [{"small": "https://rema-product-images.digital.rema1000.dk/306712/1-small-18oXave0qk.webp", "medium": "https://rema-product-images.digital.rema1000.dk/306712/1-medium-18oXave0qk.webp", "large": "https://rema-product-images.digital.rema1000.dk/306712/1-large-18oXave0qk.webp"}], "prices": [{"price": 9, "price_over_max_quantity": null, "max_quantity": null, "is_advertised": false, "is_campaign": false, "starting_at": "2023-01-15T00:00:00+00:00", "ending_at": "2099-12-31T00:00:00+00:00", "deposit": null, "compare_unit": "stk", "compare_unit_price": 9, "consumption_unit": null, "consumption_quantity": null}], "temperature_zone": null, "is_self_scale_item": false, "is_weight_item": false, "is_available_in_all_stores": true, "is_batch_item": false}
{"id": 306715, "name": "ØKO. PERSILLE", "underline": "1 STK. / DANMARK KL. 1", "age_limit": null, "hazard_precaution_statements": [], "labels": [{"id": 6, "name": "Økologi", "image": "https://static-assets.digital.rema1000.dk/product/labels/6-64.webp"}, {"id": 70, "name": "Dansk", "image": "https://static-assets.digital.rema1000.dk/product/labels/70-64.webp"}], "description": null, "info": "Oprindelsesland: Danmark", "images": [{"small": "https://rema-product-images.digital.rema1000.dk/306715/1-small-KpqRX7pdPL.webp", "medium": "https://rema-product-images.digital.rema1000.dk/306715/1-medium-KpqRX7pdPL.webp", "large": "https://rema-product-images.digital.rema1000.dk/306715/1-large-KpqRX7pdPL.webp"}], "prices": [{"price": 15, "price_over_max_quantity": null, "max_quantity": null, "is_advertised": false, "is_campaign": false, "starting_at": "2022-10-02T00:00:00+00:00", "ending_at": "2099-12-31T00:00:00+00:00", "deposit": null, "compare_unit": "stk", "compare_unit_price": 15, "consumption_unit": null, "consumption_quantity": null}], "temperature_zone": null, "is_self_scale_item": false, "is_weight_item": false, "is_available_in_all_stores": true, "is_batch_item": false}
{"id": 306719, "name": "ØKO. PERSILLE BREDBL.", "underline": "1 STK. / DANMARK KL. 1", "age_limit": null, "hazard_precaution_statements": [], "labels": [{"id": 6, "name": "Økologi", "image": "https://static-assets.digital.rema1000.dk/product/labels/6-64.webp"}, {"id": 70, "name": "Dansk", "image": "https://static-assets.digital.rema1000.dk/product/labels/70-64.webp"}], "description": null, "info": "Oprindelsesland: Danmark", "images": [{"small": "https://rema-product-images.digital.rema1000.dk/306719/1-small-rDq63Ggd9b.webp", "medium": "https://rema-product-images.digital.rema1000.dk/306719/1-medium-rDq63Ggd9b.webp", "large": "https://rema-product-images.digital.rema1000.dk/306719/1-large-rDq63Ggd9b.webp"}], "prices": [{"price": 15, "price_over_max_quantity": null, "max_quantity": null, "is_advertised": false, "is_campaign": false, "starting_at": "2022-10-02T00:00:00+00:00", "ending_at": "2099-12-31T00:00:00+00:00", "deposit": null, "compare_unit": "stk", "compare_unit_price": 15, "consumption_unit": null, "consumption_quantity": null}], "temperature_zone": null, "is_self_scale_item": false, "is_weight_item": false, "is_available_in_all_stores": true, "is_batch_item": false}
{"id": 306720, "name": "KARSE", "underline": "1 STK. / LAND/KL.: SE VAREN", "age_limit": null, "hazard_precaution_statements": [], "labels": [], "description": "Oprindelsen kan være forskellig fra dag til dag. Karsen kommer fra et af følgende lande: Danmark, Tyskland el. Holland. Oprindelsen af varen i den konkrete pakning, fremgår af mærkningen på pakken.", "info": "Oprindelsesland: Se varen", "images": [{"small": "https://rema-product-images.digital.rema1000.dk/306720/1-small-AKqexB1Kop.webp", "medium": "https://rema-product-images.digital.rema1000.dk/306720/1-medium-AKqexB1Kop.webp", "large": "https://rema-product-images.digital.rema1000.dk/306720/1-large-AKqexB1Kop.webp"}], "prices": [{"price": 7, "price_over_max_quantity": null, "max_quantity": null, "is_advertised": false, "is_campaign": false, "starting_at": "2025-01-26T00:00:00+00:00", "ending_at": "2099-12-31T00:00:00+00:00", "deposit": null, "compare_unit": "stk", "compare_unit_price": 7, "consumption_unit": null, "consumption_quantity": null}], "temperature_zone": null, "is_self_scale_item": false, "is_weight_item": false, "is_available_in_all_stores": true, "is_batch_item": false}
{"id": 306729, "name": "RADISER MED TOP", "underline": "1 BDT. / TYSKLAND KL.1", "age_limit": null, "hazard_precaution_statements": [], "labels": [], "description": null, "info": "Oprindelsesland: Tyskland", "images": [{"small": "https://rema-product-images.digital.rema1000.dk/306729/1-small-pYqxKe72o1.webp", "medium": "https://rema-product-images.digital.rema1000.dk/306729/1-medium-pYqxKe72o1.webp", "large": "https://rema-product-images.digital.rema1000.dk/306729/1-large-pYqxKe72o1.webp"}], "prices": [{"price": 8, "price_over_max_quantity": null, "max_quantity": null, "is_advertised": false, "is_campaign": false, "starting_at": "2023-07-02T00:00:00+00:00", "ending_at": "2025-08-30T00:00:00+00:00", "deposit": null, "compare_unit": "bdt", "compare_unit_price": 8, "consumption_unit": null, "consumption_quantity": null}], "temperature_zone": null, "is_self_scale_item": false, "is_weight_item": false, "is_available_in_all_stores": true, "is_batch_item": false}
{"id": 306741, "name": "ØKO. BLADSELLERI", "underline": "1 STK. / DANMARK KL. 1", "age_limit": null, "hazard_precaution_statements": [], "labels": [{"id": 6, "name": "Økologi", "image": "https://static-assets.digital.rema1000.dk/product/labels/6-64.webp"}, {"id": 70, "name": "Dansk", "image": "https://static-assets.digital.rema1000.dk/product/labels/70-64.webp"}], "description": null, "info": "Oprindelsesland: Danmark", "images": [{"small": "https://rema-product-images.digital.rema1000.dk/306741/1-small-we9EzGW7Pg.webp", "medium": "https://rema-product-images.digital.rema1000.dk/306741/1-medium-we9EzGW7Pg.webp", "large": "https://rema-product-images.digital.rema1000.dk/306741/1-large-we9EzGW7Pg.webp"}], "prices": [{"price": 15, "price_over_max_quantity": null, "max_quantity": null, "is_advertised": false, "is_campaign": false, "starting_at": "2025-08-10T00:00:00+00:00", "ending_at": "2025-08-23T00:00:00+00:00", "deposit": null, "compare_unit": "stk", "compare_unit_price": 15, "consumption_unit": null, "consumption_quantity": null}], "temperature_zone": null, "is_self_scale_item": false, "is_weight_item": false, "is_available_in_all_stores": true, "is_batch_item": false}
{"id": 306780, "name": "ØKO. BRØNDKARSE", "underline": "1 STK. / DANMARK KL. 1", "age_limit": null, "hazard_precaution_statements": [], "labels": [{"id": 6, "name": "Økologi", "image": "https://static-assets.digital.rema1000.dk/product/labels/6-64.webp"}, {"id": 70, "name": "Dansk", "image": "https://static-assets.digital.rema1000.dk/product/labels/70-64.webp"}], "description": null, "info": "Oprindelsesland: Danmark", "images": [{"small": "https://rema-product-images.digital.rema1000.dk/306780/1-small-7doL7nLpP6.webp", "medium": "https://rema-product-images.digital.rema1000.dk/306780/1-medium-7doL7nLpP6.webp", "large": "https://rema-product-images.digital.rema1000.dk/306780/1-large-7doL7nLpP6.webp"}], "prices": [{"price": 15, "price_over_max_quantity": null, "max_quantity": null, "is_advertised": false, "is_campaign": false, "starting_at": "2023-03-28T00:00:00+00:00", "ending_at": "2099-12-31T00:00:00+00:00", "deposit": null, "compare_unit": "stk", "compare_unit_price": 15, "consumption_unit": null, "consumption_quantity": null}], "temperature_zone": null, "is_self_scale_item": false, "is_weight_item": false, "is_available_in_all_stores": false, "is_batch_item": false}
{"id": 306783, "name": "ØKO. BASILIKUM", "underline": "1 STK. / DANMARK KL.1", "age_limit": null, "hazard_precaution_statements": [], "labels": [{"id": 6, "name": "Økologi", "image": "https://static-assets.digital.rema1000.dk/product/labels/6-64.webp"}, {"id": 70, "name": "Dansk", "image": "https://static-assets.digital.rema1000.dk/product/labels/70-64.webp"}], "description": null, "info": "Oprindelsesland: Danmark", "images": [{"small": "https://rema-product-images.digital.rema1000.dk/306783/1-small-zOPlm7OJoR.webp", "medium": "https://rema-product-images.digital.rema1000.dk/306783/1-medium-zOPlm7OJoR.webp", "large": "https://rema-product-images.digital.rema1000.dk/306783/1-large-zOPlm7OJoR.webp"}], "prices": [{"price": 15, "price_over_max_quantity": null, "max_quantity": null, "is_advertised": false, "is_campaign": false, "starting_at": "2022-10-02T00:00:00+00:00", "ending_at": "2099-12-31T00:00:00+00:00", "deposit": null, "compare_unit": "stk", "compare_unit_price": 15, "consumption_unit": null, "consumption_quantity": null}], "temperature_zone": null, "is_self_scale_item": false, "is_weight_item": false, "is_available_in_all_stores": true, "is_batch_item": false}
{"id": 306786, "name": "ØKO. KORIANDER", "underline": "1 STK. / DANMARK KL.1", "age_limit": null, "hazard_precaution_statements": [], "labels": [{"id": 6, "name": "Økologi", "image": "https://static-assets.digital.rema1000.dk/product/labels/6-64.webp"}, {"id": 70, "name": "Dansk", "image": "https://static-assets.digital.rema1000.dk/product/labels/70-64.webp"}], "description": null, "info": "Oprindelsesland: Danmark", "images": [{"small": "https://rema-product-images.digital.rema1000.dk/306786/1-small-A4PypY1n9L.webp", "medium": "https://rema-product-images.digital.rema1000.dk/306786/1-medium-A4PypY1n9L.webp", "large": "https://rema-product-images.digital.rema1000.dk/306786/1-large-A4PypY1n9L.webp"}], "prices": [{"price": 15, "price_over_max_quantity": null, "max_quantity": null, "is_advertised": false, "is_campaign": false, "starting_at": "2022-10-02T00:00:00+00:00", "ending_at": "2099-12-31T00:00:00+00:00", "deposit": null, "compare_unit": "stk", "compare_unit_price": 15, "consumption_unit": null, "consumption_quantity": null}], "temperature_zone": null, "is_self_scale_item": false, "is_weight_item": false, "is_available_in_all_stores": true, "is_batch_item": false}
{"id": 306790, "name": "ØKO. ESTRAGON", "underline": "1 STK. / DANMARK KL. 1", "age_limit": null, "hazard_precaution_statements": [], "labels": [{"id": 6, "name": "Økologi", "image": "https://static-assets.digital.rema1000.dk/product/labels/6-64.webp"}, {"id": 70, "name": "Dansk", "image": "https://static-assets.digital.rema1000.dk/product/labels/70-64.webp"}], "description": null, "info": "Oprindelsesland: Danmark", "images": [{"small": "https://rema-product-images.digital.rema1000.dk/306790/1-small-kAon2015ox.webp", "medium": "https://rema-product-images.digital.rema1000.dk/306790/1-medium-kAon2015ox.webp", "large": "https://rema-product-images.digital.rema1000.dk/306790/1-large-kAon2015ox.webp"}], "prices": [{"price": 15, "price_over_max_quantity": null, "max_quantity": null, "is_advertised": false, "is_campaign": false, "starting_at": "2022-10-02T00:00:00+00:00", "ending_at": "2099-12-31T00:00:00+00:00", "deposit": null, "compare_unit": "stk", "compare_unit_price": 15, "consumption_unit": null, "consumption_quantity": null}], "temperature_zone": null, "is_self_scale_item": false, "is_weight_item": false, "is_available_in_all_stores": true, "is_batch_item": false}
{"id": 306791, "name": "ØKO. OREGANO", "underline": "1 STK. / DANMARK KL. 1", "age_limit": null, "hazard_precaution_statements": [], "labels": [{"id": 6, "name": "Økologi", "image": "https://static-assets.digital.rema1000.dk/product/labels/6-64.webp"}, {"id": 70, "name": "Dansk", "image": "https://static-assets.digital.rema1000.dk/product/labels/70-64.webp"}], "description": null, "info": "Oprindelsesland: Danmark", "images": [{"small": "https://rema-product-images.digital.rema1000.dk/306791/1-small-3MoMeMDyo5.webp", "medium": "https://rema-product-images.digital.rema1000.dk/306791/1-medium-3MoMeMDyo5.webp", "large": "https://rema-product-images.digital.rema1000.dk/306791/1-large-3MoMeMDyo5.webp"}], "prices": [{"price": 15, "price_over_max_quantity": null, "max_quantity": null, "is_advertised": false, "is_campaign": false, "starting_at": "2022-10-02T00:00:00+00:00", "ending_at": "2099-12-31T00:00:00+00:00", "deposit": null, "compare_unit": "stk", "compare_unit_price": 15, "consumption_unit": null, "consumption_quantity": null}], "temperature_zone": null, "is_self_scale_item": false, "is_weight_item": false, "is_available_in_all_stores": true, "is_batch_item": false}
{"id": 306792, "name": "ØKO. MYNTE", "underline": "1 STK. / DANMARK KL. 1", "age_limit": null, "hazard_precaution_statements": [], "labels": [{"id": 6, "name": "Økologi", "image": "https://static-assets.digital.rema1000.dk/product/labels/6-64.webp"}, {"id": 70, "name": "Dansk", "image": "https://static-assets.digital.rema1000.dk/product/labels/70-64.webp"}], "description": null, "info": "Oprindelsesland: Danmark", "images": [{"small": "https://rema-product-images.digital.rema1000.dk/306792/1-small-OJq5jG0n9p.webp", "medium": "https://rema-product-images.digital.rema1000.dk/306792/1-medium-OJq5jG0n9p.webp", "large": "https://rema-product-images.digital.rema1000.dk/306792/1-large-OJq5jG0n9p.webp"}], "prices": [{"price": 15, "price_over_max_quantity": null, "max_quantity": null, "is_advertised": false, "is_campaign": false, "starting_at": "2022-10-02T00:00:00+00:00", "ending_at": "2099-12-31T00:00:00+00:00", "deposit": null, "compare_unit": "stk", "compare_unit_price": 15, "consumption_unit": null, "consumption_quantity": null}], "temperature_zone": null, "is_self_scale_item": false, "is_weight_item": false, "is_available_in_all_stores": true, "is_batch_item": false}
{"id": 306793, "name": "ØKO. ROSMARIN", "underline": "1 STK. / DANMARK KL. 1", "age_limit": null, "hazard_precaution_statements": [], "labels": [{"id": 6, "name": "Økologi", "image": "https://static-assets.digital.rema1000.dk/product/labels/6-64.webp"}, {"id": 70, "name": "Dansk", "image": "https://static-assets.digital.rema1000.dk/product/labels/70-64.webp"}], "description": null, "info": "Oprindelsesland: Danmark", "images": [{"small": "https://rema-product-images.digital.rema1000.dk/306793/1-small-xQq8VGbMPZ.webp", "medium": "https://rema-product-images.digital.rema1000.dk/306793/1-medium-xQq8VGbMPZ.webp", "large": "https://rema-product-images.digital.rema1000.dk/306793/1-large-xQq8VGbMPZ.webp"}], "prices": [{"price": 15, "price_over_max_quantity": null, "max_quantity": null, "is_advertised": false, "is_campaign": false, "starting_at": "2023-01-01T00:00:00+00:00", "ending_at": "2099-12-31T00:00:00+00:00", "deposit": null, "compare_unit": "stk", "compare_unit_price": 15, "consumption_unit": null, "consumption_quantity": null}], "temperature_zone": null, "is_self_scale_item": false, "is_weight_item": false, "is_available_in_all_stores": true, "is_batch_item": false}
{"id": 306794, "name": "ØKO. TIMIAN", "underline": "1 STK. / DANMARK KL. 1", "age_limit": null, "hazard_precaution_statements": [], "labels": [{"id": 6, "name": "Økologi", "image": "https://static-assets.digital.rema1000.dk/product/labels/6-64.webp"}, {"id": 70, "name": "Dansk", "image": "https://static-assets.digital.rema1000.dk/product/labels/70-64.webp"}], "description": null, "info": "Oprindelsesland: Danmark", "images": [{"small": "https://rema-product-images.digital.rema1000.dk/306794/1-small-vVorEv2vP3.webp", "medium": "https://rema-product-images.digital.rema1000.dk/306794/1-medium-vVorEv2vP3.webp", "large": "https://rema-product-images.digital.rema1000.dk/306794/1-large-vVorEv2vP3.webp"}], "prices": [{"price": 15, "price_over_max_quantity": null, "max_quantity": null, "is_advertised": false, "is_campaign": false, "starting_at": "2023-01-01T00:00:00+00:00", "ending_at": "2099-12-31T00:00:00+00:00", "deposit": null, "compare_unit": "stk", "compare_unit_price": 15, "consumption_unit": null, "consumption_quantity": null}], "temperature_zone": null, "is_self_scale_item": false, "is_weight_item": false, "is_available_in_all_stores": true, "is_batch_item": false}
{"id": 306812, "name": "ØKO. BØNNER", "underline": "400 GR. / DANMARK KL. 1", "age_limit": null, "hazard_precaution_statements": [], "labels": [{"id": 6, "name": "Økologi", "image": "https://static-assets.digital.rema1000.dk/product/labels/6-64.webp"}, {"id": 70, "name": "Dansk", "image": "https://static-assets.digital.rema1000.dk/product/labels/70-64.webp"}], "description": null, "info": "Oprindelsesland: Danmark", "images": [{"small": "https://rema-product-images.digital.rema1000.dk/306812/1-small-18oXavxyqk.webp", "medium": "https://rema-product-images.digital.rema1000.dk/306812/1-medium-18oXavxyqk.webp", "large": "https://rema-product-images.digital.rema1000.dk/306812/1-large-18oXavxyqk.webp"}], "prices": [{"price": 20, "price_over_max_quantity": null, "max_quantity": null, "is_advertised": false, "is_campaign": false, "starting_at": "2025-07-16T00:00:00+00:00", "ending_at": "2099-12-31T00:00:00+00:00", "deposit": null, "compare_unit": "kg", "compare_unit_price": 50, "consumption_unit": null, "consumption_quantity": null}], "temperature_zone": null, "is_self_scale_item": false, "is_weight_item": false, "is_available_in_all_stores": false, "is_batch_item": false}
{"id": 306819, "name": "ØKO. SQUASH", "underline": "1 STK. / DANMARK KL. 1", "age_limit": null, "hazard_precaution_statements": [], "labels": [{"id": 6, "name": "Økologi", "image": "https://static-assets.digital.rema1000.dk/product/labels/6-64.webp"}, {"id": 70, "name": "Dansk", "image": "https://static-assets.digital.rema1000.dk/product/labels/70-64.webp"}], "description": null, "info": "Oprindelsesland: Danmark", "images": [{"small": "https://rema-product-images.digital.rema1000.dk/306819/1-small-rDq63GQj9b.webp", "medium": "https://rema-product-images.digital.rema1000.dk/306819/1-medium-rDq63GQj9b.webp", "large": "https://rema-product-images.digital.rema1000.dk/306819/1-large-rDq63GQj9b.webp"}], "prices": [{"price": 7.5, "price_over_max_quantity": null, "max_quantity": null, "is_advertised": false, "is_campaign": false, "starting_at": "2025-07-27T00:00:00+00:00", "ending_at": "2099-12-31T00:00:00+00:00", "deposit": null, "compare_unit": "stk", "compare_unit_price": 7.5, "consumption_unit": null, "consumption_quantity": null}], "temperature_zone": null, "is_self_scale_item": false, "is_weight_item": false, "is_available_in_all_stores": true, "is_batch_item": false}
{"id": 306832, "name": "SUGAR SNAPS", "underline": "125 GR. / LAND/KL.: SE VAREN", "age_limit": null, "hazard_precaution_statements": [], "labels": [], "description": "Oprindelsen kan være forskelligt fra dag til dag. Sugar Snaps kommer fra et af følgende lande: Portugal, Danmark, Peru, Guatemala, Zimbabwe, Egypten eller Zambia Oprindelse af varen i den konkrete pakning fremgår af mærkningen på pakken", "info": "Oprindelsesland: Se varen", "images": [{"small": "https://rema-product-images.digital.rema1000.dk/306832/1-small-nDPWab2OqW.webp", "medium": "https://rema-product-images.digital.rema1000.dk/306832/1-medium-nDPWab2OqW.webp", "large": "https://rema-product-images.digital.rema1000.dk/306832/1-large-nDPWab2OqW.webp"}], "prices": [{"price": 15, "price_over_max_quantity": null, "max_quantity": null, "is_advertised": false, "is_campaign": false, "starting_at": "2023-08-03T00:00:00+00:00", "ending_at": "2099-12-31T00:00:00+00:00", "deposit": null, "compare_unit": "kg", "compare_unit_price": 120, "consumption_unit": null, "consumption_quantity": null}], "temperature_zone": null, "is_self_scale_item": false, "is_weight_item": false, "is_available_in_all_stores": true, "is_batch_item": false}
{"id": 306835, "name": "GRØNNE ASPARGES", "underline": "250 GR. / LAND/KL : SE VAREN", "age_limit": null, "hazard_precaution_statements": [], "labels": [], "description": "Oprindelsen kan være forskellig fra dag til dag. Aspargsene  kommer fra et af følgende lande: Peru, Spanien, Italien, Mexico, Ungarn, Grækenland el. Polen Oprindelsen af varen i den konkrete pakning, fremgår af mærkningen på pakken.", "info": "Oprindelsesland: Se varen", "images": [{"small": "https://rema-product-images.digital.rema1000.dk/306835/1-small-Gb9kwgbr97.webp", "medium": "https://rema-product-images.digital.rema1000.dk/306835/1-medium-Gb9kwgbr97.webp", "large": "https://rema-product-images.digital.rema1000.dk/306835/1-large-Gb9kwgbr97.webp"}], "prices": [{"price": 25, "price_over_max_quantity": null, "max_quantity": null, "is_advertised": false, "is_campaign": false, "starting_at": "2025-07-06T00:00:00+00:00", "ending_at": "2099-12-31T00:00:00+00:00", "deposit": null, "compare_unit": "kg", "compare_unit_price": 100, "consumption_unit": null, "consumption_quantity": null}], "temperature_zone": null, "is_self_scale_item": false, "is_weight_item": false, "is_available_in_all_stores": false, "is_batch_item": false}
{"id": 306856, "name": "ESTRAGON AFSKÅRET", "underline": "25 GR. / SPANIEN KL. 1", "age_limit": null, "hazard_precaution_statements": [], "labels": [], "description": null, "info": "Oprindelsesland: Spanien", "images": [], "prices": [{"price": 12, "price_over_max_quantity": null, "max_quantity": null, "is_advertised": false, "is_campaign": false, "starting_at": "2025-08-11T00:00:00+00:00", "ending_at": "2099-12-31T00:00:00+00:00", "deposit": null, "compare_unit": "kg", "compare_unit_price": 480, "consumption_unit": null, "consumption_quantity": null}], "temperature_zone": null, "is_self_scale_item": false, "is_weight_item": false, "is_available_in_all_stores": false, "is_batch_item": false}
{"id": 306872, "name": "AUBERGINE", "underline": "1 STK. / HOLLAND KL. 1", "age_limit": null, "hazard_precaution_statements": [], "labels": [], "description": null, "info": "Oprindelsesland: Holland", "images": [{"small": "https://rema-product-images.digital.rema1000.dk/306872/1-small-xyqaKZN2PD.webp", "medium": "https://rema-product-images.digital.rema1000.dk/306872/1-medium-xyqaKZN2PD.webp", "large": "https://rema-product-images.digital.rema1000.dk/306872/1-large-xyqaKZN2PD.webp"}], "prices": [{"price": 10, "price_over_max_quantity": null, "max_quantity": null, "is_advertised": false, "is_campaign": false, "starting_at": "2024-02-04T00:00:00+00:00", "ending_at": "2099-12-31T00:00:00+00:00", "deposit": null, "compare_unit": "stk", "compare_unit_price": 10, "consumption_unit": null, "consumption_quantity": null}], "temperature_zone": null, "is_self_scale_item": false, "is_weight_item": false, "is_available_in_all_stores": true, "is_batch_item": false}
{"id": 306878, "name": "ØKO. GURKEMEJEROD", "underline": "50 GR. / LAND/KL.: SE VAREN", "age_limit": null, "hazard_precaution_statements": [], "labels": [{"id": 5, "name": "Økologi", "image": "https://static-assets.digital.rema1000.dk/product/labels/5-64.webp"}], "description": "Oprindelsen kan være forskellig fra dag til dag. Gurkemejerod kommer fra et af følgende lande: Costa Rica, Peru el. Indien. Oprindelsen af varen i den konkrete pakning, fremgår af mærkningen på pakken.", "info": "Oprindelsesland: Se varen", "images": [{"small": "https://rema-product-images.digital.rema1000.dk/306878/1-small-yLqGYGKKPd.webp", "medium": "https://rema-product-images.digital.rema1000.dk/306878/1-medium-yLqGYGKKPd.webp", "large": "https://rema-product-images.digital.rema1000.dk/306878/1-large-yLqGYGKKPd.webp"}], "prices": [{"price": 13, "price_over_max_quantity": null, "max_quantity": null, "is_advertised": false, "is_campaign": false, "starting_at": "2021-05-02T00:00:00+00:00", "ending_at": "2099-12-31T00:00:00+00:00", "deposit": null, "compare_unit": "kg", "compare_unit_price": 260, "consumption_unit": null, "consumption_quantity": null}], "temperature_zone": null, "is_self_scale_item": false, "is_weight_item": false, "is_available_in_all_stores": false, "is_batch_item": false}
{"id": 306880, "name": "ØKO. INGEFÆR", "underline": "200 GR. / LAND/KL.: SE VAREN", "age_limit": null, "hazard_precaution_statements": [], "labels": [{"id": 5, "name": "Økologi", "image": "https://static-assets.digital.rema1000.dk/product/labels/5-64.webp"}], "description": "Oprindelsen kan være forskellig fra dag til dag. Ingefær kommer fra et af følgende lande: Peru, Costa Rica, Thailand el. Brasilien Oprindelsen af varen i den konkrete pakning, fremgår af mærkningen på pakken.", "info": "Oprindelsesland: Se varen", "images": [{"small": "https://rema-product-images.digital.rema1000.dk/306880/1-small-7doL7nvEP6.webp", "medium": "https://rema-product-images.digital.rema1000.dk/306880/1-medium-7doL7nvEP6.webp", "large": "https://rema-product-images.digital.rema1000.dk/306880/1-large-7doL7nvEP6.webp"}], "prices": [{"price": 14, "price_over_max_quantity": null, "max_quantity": null, "is_advertised": false, "is_campaign": false, "starting_at": "2024-08-25T00:00:00+00:00", "ending_at": "2099-12-31T00:00:00+00:00", "deposit": null, "compare_unit": "kg", "compare_unit_price": 70, "consumption_unit": null, "consumption_quantity": null}], "temperature_zone": null, "is_self_scale_item": false, "is_weight_item": false, "is_available_in_all_stores": true, "is_batch_item": false}
{"id": 306890, "name": "HVIDLØG I NET", "underline": "90 GR. / LAND/KL.: SE VAREN", "age_limit": null, "hazard_precaution_statements": [], "labels": [], "description": "Oprindelsen kan være forskelligt fra dag til dag. Hvidløgene kommer fra et af følgende lande : Spanien eller Argentina. Oprindelse af varen i den konkrete pakning fremgår af mærkningen på pakken.", "info": "Oprindelsesland: Se varen", "images": [{"small": "https://rema-product-images.digital.rema1000.dk/306890/1-small-kAon205aox.webp", "medium": "https://rema-product-images.digital.rema1000.dk/306890/1-medium-kAon205aox.webp", "large": "https://rema-product-images.digital.rema1000.dk/306890/1-large-kAon205aox.webp"}], "prices": [{"price": 6, "price_over_max_quantity": null, "max_quantity": null, "is_advertised": false, "is_campaign": false, "starting_at": "2025-03-30T00:00:00+00:00", "ending_at": "2099-12-31T00:00:00+00:00", "deposit": null, "compare_unit": "kg", "compare_unit_price": 66.67, "consumption_unit": null, "consumption_quantity": null}], "temperature_zone": null, "is_self_scale_item": false, "is_weight_item": false, "is_available_in_all_stores": true, "is_batch_item": false}
{"id": 306896, "name": "SØDE KARTOFLER", "underline": "500 GR. / LAND/KL. SE PÅ VAREN", "age_limit": null, "hazard_precaution_statements": [], "labels": [], "description": "Oprindelsen kan være forskellig fra dag til dag. Sweet Potatoes kommer fra et af følgende lande: USA, Egypten el. Spanien  Oprindelsen af varen i den konkrete pakning, fremgår af mærkningen på varen.", "info": "Oprindelsesland: Se varen", "images": [{"small": "https://rema-product-images.digital.rema1000.dk/306896/1-small-NpP7bGRM9O.webp", "medium": "https://rema-product-images.digital.rema1000.dk/306896/1-medium-NpP7bGRM9O.webp", "large": "https://rema-product-images.digital.rema1000.dk/306896/1-large-NpP7bGRM9O.webp"}], "prices": [{"price": 14, "price_over_max_quantity": null, "max_quantity": null, "is_advertised": false, "is_campaign": false, "starting_at": "2024-10-20T00:00:00+00:00", "ending_at": "2099-12-31T00:00:00+00:00", "deposit": null, "compare_unit": "kg", "compare_unit_price": 28, "consumption_unit": null, "consumption_quantity": null}], "temperature_zone": null, "is_self_scale_item": false, "is_weight_item": false, "is_available_in_all_stores": true, "is_batch_item": false}
{"id": 306903, "name": "SKRÆLLE KARTOFLER", "underline": "2 KG. / DANMARK KL. 1", "age_limit": null, "hazard_precaution_statements": [], "labels": [{"id": 9001, "name": "Avisvare", "image": "https://static-assets.digital.rema1000.dk/product/labels/9001-64.webp"}, {"id": 70, "name": "Dansk", "image": "https://static-assets.digital.rema1000.dk/product/labels/70-64.webp"}], "description": null, "info": "Oprindelsesland: Danmark", "images": [{"small": "https://rema-product-images.digital.rema1000.dk/306903/1-small-3MoMeMyeo5.webp", "medium": "https://rema-product-images.digital.rema1000.dk/306903/1-medium-3MoMeMyeo5.webp", "large": "https://rema-product-images.digital.rema1000.dk/306903/1-large-3MoMeMyeo5.webp"}], "prices": [{"price": 10, "price_over_max_quantity": null, "max_quantity": null, "is_advertised": true, "is_campaign": true, "starting_at": "2025-08-17T00:00:00+00:00", "ending_at": "2025-08-23T00:00:00+00:00", "deposit": null, "compare_unit": "kg", "compare_unit_price": 5, "consumption_unit": null, "consumption_quantity": null}, {"price": 20, "price_over_max_quantity": null, "max_quantity": null, "is_advertised": false, "is_campaign": false, "starting_at": "2025-08-24T00:00:00+00:00", "ending_at": "2099-12-31T00:00:00+00:00", "deposit": null, "compare_unit": "kg", "compare_unit_price": 10, "consumption_unit": null, "consumption_quantity": null}], "temperature_zone": null, "is_self_scale_item": false, "is_weight_item": false, "is_available_in_all_stores": true, "is_batch_item": false}
{"id": 306913, "name": "ASPARGES KARTOFLER", "underline": "650 GR. / DANMARK KL. 1", "age_limit": null, "hazard_precaution_statements": [], "labels": [{"id": 70, "name": "Dansk", "image": "https://static-assets.digital.rema1000.dk/product/labels/70-64.webp"}], "description": null, "info": "Oprindelsesland: Danmark", "images": [{"small": "https://rema-product-images.digital.rema1000.dk/306913/1-small-wyPbzml7PE.webp", "medium": "https://rema-product-images.digital.rema1000.dk/306913/1-medium-wyPbzml7PE.webp", "large": "https://rema-product-images.digital.rema1000.dk/306913/1-large-wyPbzml7PE.webp"}], "prices": [{"price": 15, "price_over_max_quantity": null, "max_quantity": null, "is_advertised": false, "is_campaign": false, "starting_at": "2025-03-23T00:00:00+00:00", "ending_at": "2025-08-23T00:00:00+00:00", "deposit": null, "compare_unit": "kg", "compare_unit_price": 23.08, "consumption_unit": null, "consumption_quantity": null}], "temperature_zone": null, "is_self_scale_item": false, "is_weight_item": false, "is_available_in_all_stores": true, "is_batch_item": false}
{"id": 306916, "name": "BAGEKARTOFLER", "underline": "1.5 KG. / LAND/KL.: SE VAREN", "age_limit": null, "hazard_precaution_statements": [], "labels": [], "description": "Oprindelsen kan være forskellig fra dag til dag. Kartoflerne kommer fra et af følgende lande: Egypten, Spanien, Italien, Tyskland, Frankrig el. Sverige. Oprindelsen af varen i den konkrete pakning, fremgår af mærkningen på posen.", "info": "Oprindelsesland: Se varen", "images": [{"small": "https://rema-product-images.digital.rema1000.dk/306916/1-small-6xqArGy79D.webp", "medium": "https://rema-product-images.digital.rema1000.dk/306916/1-medium-6xqArGy79D.webp", "large": "https://rema-product-images.digital.rema1000.dk/306916/1-large-6xqArGy79D.webp"}], "prices": [{"price": 20, "price_over_max_quantity": null, "max_quantity": null, "is_advertised": false, "is_campaign": false, "starting_at": "2024-09-01T00:00:00+00:00", "ending_at": "2099-12-31T00:00:00+00:00", "deposit": null, "compare_unit": "kg", "compare_unit_price": 13.33, "consumption_unit": null, "consumption_quantity": null}], "temperature_zone": null, "is_self_scale_item": false, "is_weight_item": false, "is_available_in_all_stores": true, "is_batch_item": false}
{"id": 306919, "name": "LØSE KARTOFLER", "underline": "0.07 KG. / \" VEJ SELV\" DANMARK KL.1", "age_limit": null, "hazard_precaution_statements": [], "labels": [], "description": null, "info": "Oprindelsesland: Danmark", "images": [{"small": "https://rema-product-images.digital.rema1000.dk/306919/1-small-rDq63Gm49b.webp", "medium": "https://rema-product-images.digital.rema1000.dk/306919/1-medium-rDq63Gm49b.webp", "large": "https://rema-product-images.digital.rema1000.dk/306919/1-large-rDq63Gm49b.webp"}], "prices": [{"price": 0.84, "price_over_max_quantity": null, "max_quantity": null, "is_advertised": false, "is_campaign": false, "starting_at": "2025-08-10T00:00:00+00:00", "ending_at": "2025-09-06T00:00:00+00:00", "deposit": null, "compare_unit": "kg", "compare_unit_price": 12, "consumption_unit": null, "consumption_quantity": null}], "temperature_zone": null, "is_self_scale_item": false, "is_weight_item": true, "is_available_in_all_stores": true, "is_batch_item": false}
{"id": 306923, "name": "SMÅ KARTOFLER I BK.", "underline": "650 GR. / DANMARK KL.1", "age_limit": null, "hazard_precaution_statements": [], "labels": [{"id": 70, "name": "Dansk", "image": "https://static-assets.digital.rema1000.dk/product/labels/70-64.webp"}], "description": null, "info": "Oprindelsesland: Danmark", "images": [{"small": "https://rema-product-images.digital.rema1000.dk/306923/1-small-MNqZaA11oA.webp", "medium": "https://rema-product-images.digital.rema1000.dk/306923/1-medium-MNqZaA11oA.webp", "large": "https://rema-product-images.digital.rema1000.dk/306923/1-large-MNqZaA11oA.webp"}], "prices": [{"price": 10, "price_over_max_quantity": null, "max_quantity": null, "is_advertised": false, "is_campaign": false, "starting_at": "2025-08-10T00:00:00+00:00", "ending_at": "2099-12-31T00:00:00+00:00", "deposit": null, "compare_unit": "kg", "compare_unit_price": 15.38, "consumption_unit": null, "consumption_quantity": null}], "temperature_zone": null, "is_self_scale_item": false, "is_weight_item": false, "is_available_in_all_stores": true, "is_batch_item": false}
{"id": 306927, "name": "ØKO. SMÅ KARTOFLER", "underline": "650 GR. / DANMARK KL. 1", "age_limit": null, "hazard_precaution_statements": [], "labels": [{"id": 6, "name": "Økologi", "image": "https://static-assets.digital.rema1000.dk/product/labels/6-64.webp"}, {"id": 39, "name": "Gram slot", "image": "https://static-assets.digital.rema1000.dk/product/labels/39-64.webp"}, {"id": 70, "name": "Dansk", "image": "https://static-assets.digital.rema1000.dk/product/labels/70-64.webp"}], "description": null, "info": "Oprindelsesland: Danmark", "images": [{"small": "https://rema-product-images.digital.rema1000.dk/306927/1-small-OW9OR8NZqg.webp", "medium": "https://rema-product-images.digital.rema1000.dk/306927/1-medium-OW9OR8NZqg.webp", "large": "https://rema-product-images.digital.rema1000.dk/306927/1-large-OW9OR8NZqg.webp"}], "prices": [{"price": 14, "price_over_max_quantity": null, "max_quantity": null, "is_advertised": false, "is_campaign": false, "starting_at": "2025-08-17T00:00:00+00:00", "ending_at": "2099-12-31T00:00:00+00:00", "deposit": null, "compare_unit": "kg", "compare_unit_price": 21.54, "consumption_unit": null, "consumption_quantity": null}], "temperature_zone": null, "is_self_scale_item": false, "is_weight_item": false, "is_available_in_all_stores": true, "is_batch_item": false}
{"id": 306928, "name": "ØKO. KARTOFLER", "underline": "1 KG. / DANMARK KL. 1", "age_limit": null, "hazard_precaution_statements": [], "labels": [{"id": 6, "name": "Økologi", "image": "https://static-assets.digital.rema1000.dk/product/labels/6-64.webp"}, {"id": 39, "name": "Gram slot", "image": "https://static-assets.digital.rema1000.dk/product/labels/39-64.webp"}, {"id": 70, "name": "Dansk", "image": "https://static-assets.digital.rema1000.dk/product/labels/70-64.webp"}], "description": null, "info": "Oprindelsesland: Danmark", "images": [{"small": "https://rema-product-images.digital.rema1000.dk/306928/1-small-xyqaKZ1VPD.webp", "medium": "https://rema-product-images.digital.rema1000.dk/306928/1-medium-xyqaKZ1VPD.webp", "large": "https://rema-product-images.digital.rema1000.dk/306928/1-large-xyqaKZ1VPD.webp"}], "prices": [{"price": 16, "price_over_max_quantity": null, "max_quantity": null, "is_advertised": false, "is_campaign": false, "starting_at": "2025-08-10T00:00:00+00:00", "ending_at": "2099-12-31T00:00:00+00:00", "deposit": null, "compare_unit": "kg", "compare_unit_price": 16, "consumption_unit": null, "consumption_quantity": null}], "temperature_zone": null, "is_self_scale_item": false, "is_weight_item": false, "is_available_in_all_stores": true, "is_batch_item": false}
{"id": 306932, "name": "SANDERUMGAARD KART.", "underline": "1 KG. / DANMARK KL.1", "age_limit": null, "hazard_precaution_statements": [], "labels": [{"id": 70, "name": "Dansk", "image": "https://static-assets.digital.rema1000.dk/product/labels/70-64.webp"}], "description": null, "info": "Oprindelsesland: Danmark", "images": [{"small": "https://rema-product-images.digital.rema1000.dk/306932/1-small-nDPWab1KqW.webp", "medium": "https://rema-product-images.digital.rema1000.dk/306932/1-medium-nDPWab1KqW.webp", "large": "https://rema-product-images.digital.rema1000.dk/306932/1-large-nDPWab1KqW.webp"}], "prices": [{"price": 12, "price_over_max_quantity": null, "max_quantity": null, "is_advertised": false, "is_campaign": false, "starting_at": "2025-08-10T00:00:00+00:00", "ending_at": "2025-08-27T00:00:00+00:00", "deposit": null, "compare_unit": "kg", "compare_unit_price": 12, "consumption_unit": null, "consumption_quantity": null}], "temperature_zone": null, "is_self_scale_item": false, "is_weight_item": false, "is_available_in_all_stores": true, "is_batch_item": false}
{"id": 306934, "name": "LAMMEFJORDS KART.", "underline": "1.5 KG. / DANMARK. KL. 1", "age_limit": null, "hazard_precaution_statements": [], "labels": [{"id": 70, "name": "Dansk", "image": "https://static-assets.digital.rema1000.dk/product/labels/70-64.webp"}], "description": null, "info": "Oprindelsesland: Danmark", "images": [{"small": "https://rema-product-images.digital.rema1000.dk/306934/1-small-yLqGYGyZPd.webp", "medium": "https://rema-product-images.digital.rema1000.dk/306934/1-medium-yLqGYGyZPd.webp", "large": "https://rema-product-images.digital.rema1000.dk/306934/1-large-yLqGYGyZPd.webp"}], "prices": [{"price": 18, "price_over_max_quantity": null, "max_quantity": null, "is_advertised": false, "is_campaign": false, "starting_at": "2025-08-17T00:00:00+00:00", "ending_at": "2099-12-31T00:00:00+00:00", "deposit": null, "compare_unit": "kg", "compare_unit_price": 12, "consumption_unit": null, "consumption_quantity": null}], "temperature_zone": null, "is_self_scale_item": false, "is_weight_item": false, "is_available_in_all_stores": false, "is_batch_item": false}
{"id": 306935, "name": "ØKO. BAGEKARTOFLER", "underline": "1 KG. / DANMARK KL. 1", "age_limit": null, "hazard_precaution_statements": [], "labels": [{"id": 6, "name": "Økologi", "image": "https://static-assets.digital.rema1000.dk/product/labels/6-64.webp"}, {"id": 39, "name": "Gram slot", "image": "https://static-assets.digital.rema1000.dk/product/labels/39-64.webp"}, {"id": 70, "name": "Dansk", "image": "https://static-assets.digital.rema1000.dk/product/labels/70-64.webp"}], "description": null, "info": "Oprindelsesland: Danmark", "images": [{"small": "https://rema-product-images.digital.rema1000.dk/306935/1-small-Gb9kwgrv97.webp", "medium": "https://rema-product-images.digital.rema1000.dk/306935/1-medium-Gb9kwgrv97.webp", "large": "https://rema-product-images.digital.rema1000.dk/306935/1-large-Gb9kwgrv97.webp"}], "prices": [{"price": 15, "price_over_max_quantity": null, "max_quantity": null, "is_advertised": false, "is_campaign": false, "starting_at": "2022-10-30T00:00:00+00:00", "ending_at": "2099-12-31T00:00:00+00:00", "deposit": null, "compare_unit": "kg", "compare_unit_price": 15, "consumption_unit": null, "consumption_quantity": null}], "temperature_zone": null, "is_self_scale_item": false, "is_weight_item": false, "is_available_in_all_stores": false, "is_batch_item": false}
{"id": 306950, "name": "ØKO. HVIDLØG", "underline": "1 STK. / LAND/KL.: SE VAREN", "age_limit": null, "hazard_precaution_statements": [], "labels": [{"id": 5, "name": "Økologi", "image": "https://static-assets.digital.rema1000.dk/product/labels/5-64.webp"}], "description": "Oprindelsen kan være forskelligt fra dag til dag. ØKO hvidløgene kommer fra et af følgende lande : Spanien eller Argentina. Oprindelse af varen i den konkrete pakning fremgår af mærkningen på pakken.", "info": "Oprindelsesland: Se varen", "images": [{"small": "https://rema-product-images.digital.rema1000.dk/306950/1-small-vVorEvR8P3.webp", "medium": "https://rema-product-images.digital.rema1000.dk/306950/1-medium-vVorEvR8P3.webp", "large": "https://rema-product-images.digital.rema1000.dk/306950/1-large-vVorEvR8P3.webp"}], "prices": [{"price": 5.5, "price_over_max_quantity": null, "max_quantity": null, "is_advertised": false, "is_campaign": false, "starting_at": "2025-03-30T00:00:00+00:00", "ending_at": "2099-12-31T00:00:00+00:00", "deposit": null, "compare_unit": "stk", "compare_unit_price": 5.5, "consumption_unit": null, "consumption_quantity": null}], "temperature_zone": null, "is_self_scale_item": false, "is_weight_item": false, "is_available_in_all_stores": true, "is_batch_item": false}
{"id": 306954, "name": "ØKO. RØDLØG GRAM SLOT", "underline": "500 GR. / DANMARK KL.1", "age_limit": null, "hazard_precaution_statements": [], "labels": [{"id": 6, "name": "Økologi", "image": "https://static-assets.digital.rema1000.dk/product/labels/6-64.webp"}, {"id": 39, "name": "Gram slot", "image": "https://static-assets.digital.rema1000.dk/product/labels/39-64.webp"}, {"id": 70, "name": "Dansk", "image": "https://static-assets.digital.rema1000.dk/product/labels/70-64.webp"}], "description": "<br /> REMA 1000 er medejer af et af Danmarks største økologiske landbrug, Gram Slot, som dagligt leverer bl.a. økologisk mælk, kartofler, mel og havregryn til REMA 1000s butikker. På Gram Slot er dyrevelfærd i højsædet, ligesom Jorden ved Gram Slot dyrkes med stor respekt og omtanke.<br /> <br /> Det kræver stor omhyggelighed at få en god løghøst i hus, da det som økologisk løgavler ikke er tilladt at sprøjte mod ukrudt på markerne. Vi driver markerne økologisk, fordi det giver et langt mere varieret plante- og dyreliv, og fordi vi tror på, at det er godt for vores løg.<br /> <br /> Disse økologiske rødløg fra Gram Slot er både velegnet til madlavning eller rå.<br /> <br />", "info": "Oprindelsesland: Danmark", "images": [{"small": "https://rema-product-images.digital.rema1000.dk/306954/1-small-Al90jGJEo8.webp", "medium": "https://rema-product-images.digital.rema1000.dk/306954/1-medium-Al90jGJEo8.webp", "large": "https://rema-product-images.digital.rema1000.dk/306954/1-large-Al90jGJEo8.webp"}], "prices": [{"price": 13, "price_over_max_quantity": null, "max_quantity": null, "is_advertised": false, "is_campaign": false, "starting_at": "2025-08-17T00:00:00+00:00", "ending_at": "2099-12-31T00:00:00+00:00", "deposit": null, "compare_unit": "kg", "compare_unit_price": 26, "consumption_unit": null, "consumption_quantity": null}], "temperature_zone": null, "is_self_scale_item": false, "is_weight_item": false, "is_available_in_all_stores": false, "is_batch_item": false}
{"id": 306958, "name": "RØDLØG", "underline": "500 GR. / DANMARK KL. 1", "age_limit": null, "hazard_precaution_statements": [], "labels": [{"id": 70, "name": "Dansk", "image": "https://static-assets.digital.rema1000.dk/product/labels/70-64.webp"}], "description": null, "info": "Oprindelsesland: Danmark", "images": [{"small": "https://rema-product-images.digital.rema1000.dk/306958/1-small-3Movj468oA.webp", "medium": "https://rema-product-images.digital.rema1000.dk/306958/1-medium-3Movj468oA.webp", "large": "https://rema-product-images.digital.rema1000.dk/306958/1-large-3Movj468oA.webp"}], "prices": [{"price": 8, "price_over_max_quantity": null, "max_quantity": null, "is_advertised": false, "is_campaign": false, "starting_at": "2025-03-09T00:00:00+00:00", "ending_at": "2099-12-31T00:00:00+00:00", "deposit": null, "compare_unit": "kg", "compare_unit_price": 16, "consumption_unit": null, "consumption_quantity": null}], "temperature_zone": null, "is_self_scale_item": false, "is_weight_item": false, "is_available_in_all_stores": true, "is_batch_item": false}
{"id": 306960, "name": "LØG", "underline": "1 KG. / DANMARK KL. 1", "age_limit": null, "hazard_precaution_statements": [], "labels": [{"id": 9001, "name": "Avisvare", "image": "https://static-assets.digital.rema1000.dk/product/labels/9001-64.webp"}, {"id": 70, "name": "Dansk", "image": "https://static-assets.digital.rema1000.dk/product/labels/70-64.webp"}], "description": null, "info": "Oprindelsesland: Danmark", "images": [{"small": "https://rema-product-images.digital.rema1000.dk/306960/1-small-6xqArGv79D.webp", "medium": "https://rema-product-images.digital.rema1000.dk/306960/1-medium-6xqArGv79D.webp", "large": "https://rema-product-images.digital.rema1000.dk/306960/1-large-6xqArGv79D.webp"}], "prices": [{"price": 7, "price_over_max_quantity": null, "max_quantity": null, "is_advertised": true, "is_campaign": true, "starting_at": "2025-08-17T00:00:00+00:00", "ending_at": "2025-08-23T00:00:00+00:00", "deposit": null, "compare_unit": "kg", "compare_unit_price": 7, "consumption_unit": null, "consumption_quantity": null}, {"price": 12, "price_over_max_quantity": null, "max_quantity": null, "is_advertised": false, "is_campaign": false, "starting_at": "2025-08-24T00:00:00+00:00", "ending_at": "2099-12-31T00:00:00+00:00", "deposit": null, "compare_unit": "kg", "compare_unit_price": 12, "consumption_unit": null, "consumption_quantity": null}], "temperature_zone": null, "is_self_scale_item": false, "is_weight_item": false, "is_available_in_all_stores": true, "is_batch_item": false}
{"id": 306967, "name": "ØKO. LØG GRAM SLOT", "underline": "750 GR. / DANMARK KL. 1", "age_limit": null, "hazard_precaution_statements": [], "labels": [{"id": 6, "name": "Økologi", "image": "https://static-assets.digital.rema1000.dk/product/labels/6-64.webp"}, {"id": 39, "name": "Gram slot", "image": "https://static-assets.digital.rema1000.dk/product/labels/39-64.webp"}, {"id": 70, "name": "Dansk", "image": "https://static-assets.digital.rema1000.dk/product/labels/70-64.webp"}], "description": "<br /> REMA 1000 er medejer af et af Danmarks største økologiske landbrug, Gram Slot, som dagligt leverer bl.a. økologisk mælk, kartofler, mel og havregryn til REMA 1000s butikker. På Gram Slot er dyrevelfærd i højsædet, ligesom Jorden ved Gram Slot dyrkes med stor respekt og omtanke.<br /> <br /> Det kræver stor omhyggelighed at få en god løghøst i hus, da det som økologisk løgavler ikke er tilladt at sprøjte mod ukrudt på markerne. Vi driver markerne økologisk, fordi det giver et langt mere varieret plante- og dyreliv, og fordi vi tror på, at det er godt for vores løg.<br /> <br /> Disse økologiske løg fra Gram Slot er både velegnet til madlavning eller rå.<br /> <br />", "info": "Oprindelsesland: Danmark", "images": [{"small": "https://rema-product-images.digital.rema1000.dk/306967/1-small-MNqZaAE1oA.webp", "medium": "https://rema-product-images.digital.rema1000.dk/306967/1-medium-MNqZaAE1oA.webp", "large": "https://rema-product-images.digital.rema1000.dk/306967/1-large-MNqZaAE1oA.webp"}], "prices": [{"price": 14, "price_over_max_quantity": null, "max_quantity": null, "is_advertised": false, "is_campaign": false, "starting_at": "2025-08-10T00:00:00+00:00", "ending_at": "2099-12-31T00:00:00+00:00", "deposit": null, "compare_unit": "kg", "compare_unit_price": 18.67, "consumption_unit": null, "consumption_quantity": null}], "temperature_zone": null, "is_self_scale_item": false, "is_weight_item": false, "is_available_in_all_stores": true, "is_batch_item": false}
{"id": 306988, "name": "SAMSØ KARTOFLER", "underline": "1 KG. / DANMARK KL. 1", "age_limit": null, "hazard_precaution_statements": [], "labels": [{"id": 70, "name": "Dansk", "image": "https://static-assets.digital.rema1000.dk/product/labels/70-64.webp"}], "description": null, "info": "Oprindelsesland: Danmark", "images": [{"small": "https://rema-product-images.digital.rema1000.dk/306988/1-small-xePwR6A79w.webp", "medium": "https://rema-product-images.digital.rema1000.dk/306988/1-medium-xePwR6A79w.webp", "large": "https://rema-product-images.digital.rema1000.dk/306988/1-large-xePwR6A79w.webp"}], "prices": [{"price": 12, "price_over_max_quantity": null, "max_quantity": null, "is_advertised": false, "is_campaign": false, "starting_at": "2024-08-08T00:00:00+00:00", "ending_at": "2099-12-31T00:00:00+00:00", "deposit": null, "compare_unit": "kg", "compare_unit_price": 12, "consumption_unit": null, "consumption_quantity": null}], "temperature_zone": null, "is_self_scale_item": false, "is_weight_item": false, "is_available_in_all_stores": false, "is_batch_item": false}
{"id": 32016, "name": "REJER I LAGE", "underline": "170 GR. / REMA 1000", "age_limit": null, "hazard_precaution_statements": [], "labels": [{"id": 2, "name": "REMA1000", "image": "https://static-assets.digital.rema1000.dk/product/labels/2-64.webp"}, {"id": 9, "name": "MSC", "image": "https://static-assets.digital.rema1000.dk/product/labels/9-64.webp"}], "description": "<b>Discount med holdning</b><br />I REMA 1000 har vi fokus på kvalitet til lave priser og overskriften på vores arbejde er Discount med holdning.<br /><br />Vi har en klar holdning til alle de varer, vi sælger. Vi stiller ikke kun krav til kvaliteten af vores egne mærkevarer – det er også vigtigt for os, at emballagerne er designet til genanvendelse, at indholdet er uden problematiske stoffer, og at varerne er produceret ansvarligt samt mærket med tydelige og valide certificeringer.<br /><br /><b>Om denne vare</b><br />REMA 1000 rejer i lage er god til fx et lækkert stykke rugbrød med æg og tomat. Rejer smager også skønt i tarteletter eller i en hjemmelavet rejesalat.", "info": "Produktionsmetode: Fanget\nFangstområde: FAO21 + FAO27\nFiskeredskabskategori: Trawl", "images": [{"small": "https://rema-product-images.digital.rema1000.dk/32016/1-small-6xqA7yEPDr.webp", "medium": "https://rema-product-images.digital.rema1000.dk/32016/1-medium-6xqA7yEPDr.webp", "large": "https://rema-product-images.digital.rema1000.dk/32016/1-large-6xqA7yEPDr.webp"}], "prices": [{"price": 29.95, "price_over_max_quantity": null, "max_quantity": null, "is_advertised": false, "is_campaign": false, "starting_at": "2024-11-14T00:00:00+00:00", "ending_at": "2099-12-31T00:00:00+00:00", "deposit": null, "compare_unit": "kg", "compare_unit_price": 176.18, "consumption_unit": null, "consumption_quantity": null}], "temperature_zone": "refrigerated_5_degrees_celsius", "is_self_scale_item": false, "is_weight_item": false, "is_available_in_all_stores": true, "is_batch_item": false}
{"id": 32036, "name": "OM BORD REJER", "underline": "200 GR. / LAUNIS", "age_limit": null, "hazard_precaution_statements": [], "labels": [{"id": 9, "name": "MSC", "image": "https://static-assets.digital.rema1000.dk/product/labels/9-64.webp"}], "description": null, "info": "", "images": [{"small": "https://rema-product-images.digital.rema1000.dk/32036/1-small-7doL1Erq6r.webp", "medium": "https://rema-product-images.digital.rema1000.dk/32036/1-medium-7doL1Erq6r.webp", "large": "https://rema-product-images.digital.rema1000.dk/32036/1-large-7doL1Erq6r.webp"}], "prices": [{"price": 31.95, "price_over_max_quantity": null, "max_quantity": null, "is_advertised": false, "is_campaign": false, "starting_at": "2024-11-14T00:00:00+00:00", "ending_at": "2025-08-30T00:00:00+00:00", "deposit": null, "compare_unit": "kg", "compare_unit_price": 159.75, "consumption_unit": null, "consumption_quantity": null}], "temperature_zone": "refrigerated_5_degrees_celsius", "is_self_scale_item": false, "is_weight_item": false, "is_available_in_all_stores": false, "is_batch_item": false}
{"id": 33307, "name": "ANSJOSFILETER", "underline": "100 GR. / CONSORCIO", "age_limit": null, "hazard_precaution_statements": [], "labels": [{"id": 9, "name": "MSC", "image": "https://static-assets.digital.rema1000.dk/product/labels/9-64.webp"}], "description": null, "info": "", "images": [{"small": "https://rema-product-images.digital.rema1000.dk/33307/1-small-v09g78G9AW.webp", "medium": "https://rema-product-images.digital.rema1000.dk/33307/1-medium-v09g78G9AW.webp", "large": "https://rema-product-images.digital.rema1000.dk/33307/1-large-v09g78G9AW.webp"}], "prices": [{"price": 26.95, "price_over_max_quantity": null, "max_quantity": null, "is_advertised": false, "is_campaign": false, "starting_at": "2024-09-26T00:00:00+00:00", "ending_at": "2099-12-31T00:00:00+00:00", "deposit": null, "compare_unit": "kg", "compare_unit_price": 269.5, "consumption_unit": null, "consumption_quantity": null}], "temperature_zone": "refrigerated_5_degrees_celsius", "is_self_scale_item": false, "is_weight_item": false, "is_available_in_all_stores": false, "is_batch_item": false}
{"id": 33310, "name": "BENFRI SILD", "underline": "65 GR. / LYKKEBERG, BROTTSJÖ", "age_limit": null, "hazard_precaution_statements": [], "labels": [], "description": null, "info": "", "images": [{"small": "https://rema-product-images.digital.rema1000.dk/33310/1-small-Al90xV398w.webp", "medium": "https://rema-product-images.digital.rema1000.dk/33310/1-medium-Al90xV398w.webp", "large": "https://rema-product-images.digital.rema1000.dk/33310/1-large-Al90xV398w.webp"}], "prices": [{"price": 20.95, "price_over_max_quantity": null, "max_quantity": null, "is_advertised": false, "is_campaign": false, "starting_at": "2025-01-09T00:00:00+00:00", "ending_at": "2099-12-31T00:00:00+00:00", "deposit": null, "compare_unit": "kg", "compare_unit_price": 322.31, "consumption_unit": null, "consumption_quantity": null}], "temperature_zone": "refrigerated_5_degrees_celsius", "is_self_scale_item": false, "is_weight_item": false, "is_available_in_all_stores": true, "is_batch_item": false}
{"id": 33316, "name": "MATJESFILET", "underline": "125 GR. / LYKKEBERG", "age_limit": null, "hazard_precaution_statements": [], "labels": [{"id": 9, "name": "MSC", "image": "https://static-assets.digital.rema1000.dk/product/labels/9-64.webp"}], "description": null, "info": "Produktionsmetode: Fanget\nFangstområde: FAO027\nFiskeredskabskategori: Indespærringsnoter og løftenet", "images": [{"small": "https://rema-product-images.digital.rema1000.dk/33316/1-small-6xqA51jqDr.webp", "medium": "https://rema-product-images.digital.rema1000.dk/33316/1-medium-6xqA51jqDr.webp", "large": "https://rema-product-images.digital.rema1000.dk/33316/1-large-6xqA51jqDr.webp"}], "prices": [{"price": 19.95, "price_over_max_quantity": null, "max_quantity": null, "is_advertised": false, "is_campaign": false, "starting_at": "2025-01-09T00:00:00+00:00", "ending_at": "2099-12-31T00:00:00+00:00", "deposit": null, "compare_unit": "kg", "compare_unit_price": 159.6, "consumption_unit": null, "consumption_quantity": null}], "temperature_zone": "refrigerated_5_degrees_celsius", "is_self_scale_item": false, "is_weight_item": false, "is_available_in_all_stores": false, "is_batch_item": false}
{"id": 34420, "name": "RØGET TORSKELEVER", "underline": "120 GR. / BORNHOLMS", "age_limit": null, "hazard_precaution_statements": [], "labels": [{"id": 9, "name": "MSC", "image": "https://static-assets.digital.rema1000.dk/product/labels/9-64.webp"}, {"id": 40, "name": "Nøglehul", "image": "https://static-assets.digital.rema1000.dk/product/labels/40-64.webp"}], "description": null, "info": "", "images": [{"small": "https://rema-product-images.digital.rema1000.dk/34420/1-small-AKqer6e9p1.webp", "medium": "https://rema-product-images.digital.rema1000.dk/34420/1-medium-AKqer6e9p1.webp", "large": "https://rema-product-images.digital.rema1000.dk/34420/1-large-AKqer6e9p1.webp"}], "prices": [{"price": 19.95, "price_over_max_quantity": null, "max_quantity": null, "is_advertised": false, "is_campaign": false, "starting_at": "2025-03-27T00:00:00+00:00", "ending_at": "2099-12-31T00:00:00+00:00", "deposit": null, "compare_unit": "kg", "compare_unit_price": 166.25, "consumption_unit": null, "consumption_quantity": null}], "temperature_zone": null, "is_self_scale_item": false, "is_weight_item": false, "is_available_in_all_stores": true, "is_batch_item": false}
{"id": 34596, "name": "TORSKEROGN", "underline": "200 GR. / BORNHOLMS", "age_limit": null, "hazard_precaution_statements": [], "labels": [{"id": 9, "name": "MSC", "image": "https://static-assets.digital.rema1000.dk/product/labels/9-64.webp"}, {"id": 40, "name": "Nøglehul", "image": "https://static-assets.digital.rema1000.dk/product/labels/40-64.webp"}], "description": null, "info": "", "images": [{"small": "https://rema-product-images.digital.rema1000.dk/34596/1-small-NpP7xK2oOl.webp", "medium": "https://rema-product-images.digital.rema1000.dk/34596/1-medium-NpP7xK2oOl.webp", "large": "https://rema-product-images.digital.rema1000.dk/34596/1-large-NpP7xK2oOl.webp"}], "prices": [{"price": 19.95, "price_over_max_quantity": null, "max_quantity": null, "is_advertised": false, "is_campaign": false, "starting_at": "2024-06-17T00:00:00+00:00", "ending_at": "2025-08-23T00:00:00+00:00", "deposit": null, "compare_unit": "kg", "compare_unit_price": 99.75, "consumption_unit": null, "consumption_quantity": null}], "temperature_zone": null, "is_self_scale_item": false, "is_weight_item": false, "is_available_in_all_stores": true, "is_batch_item": false}
{"id": 34608, "name": "LUKSUSROGN", "underline": "200 GR. / AMANDA", "age_limit": null, "hazard_precaution_statements": [], "labels": [{"id": 9, "name": "MSC", "image": "https://static-assets.digital.rema1000.dk/product/labels/9-64.webp"}, {"id": 40, "name": "Nøglehul", "image": "https://static-assets.digital.rema1000.dk/product/labels/40-64.webp"}], "description": "Amanda Luksusrogn - det klassiske rognpålæg.", "info": "", "images": [{"small": "https://rema-product-images.digital.rema1000.dk/34608/1-small-NpP7xK5oOl.webp", "medium": "https://rema-product-images.digital.rema1000.dk/34608/1-medium-NpP7xK5oOl.webp", "large": "https://rema-product-images.digital.rema1000.dk/34608/1-large-NpP7xK5oOl.webp"}], "prices": [{"price": 23.95, "price_over_max_quantity": null, "max_quantity": null, "is_advertised": false, "is_campaign": false, "starting_at": "2025-07-03T00:00:00+00:00", "ending_at": "2099-12-31T00:00:00+00:00", "deposit": null, "compare_unit": "kg", "compare_unit_price": 119.75, "consumption_unit": null, "consumption_quantity": null}], "temperature_zone": null, "is_self_scale_item": false, "is_weight_item": false, "is_available_in_all_stores": false, "is_batch_item": false}
{"id": 35267, "name": "FISKEFRIKADELLER", "underline": "120 GR. / FISKEMANDENS", "age_limit": null, "hazard_precaution_statements": [], "labels": [{"id": 9, "name": "MSC", "image": "https://static-assets.digital.rema1000.dk/product/labels/9-64.webp"}, {"id": 38, "name": "Gluten fri", "image": "https://static-assets.digital.rema1000.dk/product/labels/38-64.webp"}, {"id": 40, "name": "Nøglehul", "image": "https://static-assets.digital.rema1000.dk/product/labels/40-64.webp"}], "description": null, "info": "", "images": [{"small": "https://rema-product-images.digital.rema1000.dk/35267/1-small-MNqZeV1oA7.webp", "medium": "https://rema-product-images.digital.rema1000.dk/35267/1-medium-MNqZeV1oA7.webp", "large": "https://rema-product-images.digital.rema1000.dk/35267/1-large-MNqZeV1oA7.webp"}], "prices": [{"price": 13.95, "price_over_max_quantity": null, "max_quantity": null, "is_advertised": false, "is_campaign": false, "starting_at": "2024-12-12T00:00:00+00:00", "ending_at": "2099-12-31T00:00:00+00:00", "deposit": null, "compare_unit": "kg", "compare_unit_price": 116.25, "consumption_unit": null, "consumption_quantity": null}], "temperature_zone": "refrigerated_5_degrees_celsius", "is_self_scale_item": false, "is_weight_item": false, "is_available_in_all_stores": true, "is_batch_item": false}
{"id": 35268, "name": "FISKEFRIKADELLER 2 STK.", "underline": "160 GR. / FISKEMANDENS, PANDESTEGTE", "age_limit": null, "hazard_precaution_statements": [], "labels": [{"id": 9, "name": "MSC", "image": "https://static-assets.digital.rema1000.dk/product/labels/9-64.webp"}, {"id": 40, "name": "Nøglehul", "image": "https://static-assets.digital.rema1000.dk/product/labels/40-64.webp"}], "description": null, "info": "", "images": [{"small": "https://rema-product-images.digital.rema1000.dk/35268/1-small-vXodLQBo3k.webp", "medium": "https://rema-product-images.digital.rema1000.dk/35268/1-medium-vXodLQBo3k.webp", "large": "https://rema-product-images.digital.rema1000.dk/35268/1-large-vXodLQBo3k.webp"}], "prices": [{"price": 13.95, "price_over_max_quantity": null, "max_quantity": null, "is_advertised": false, "is_campaign": false, "starting_at": "2024-12-12T00:00:00+00:00", "ending_at": "2099-12-31T00:00:00+00:00", "deposit": null, "compare_unit": "kg", "compare_unit_price": 87.19, "consumption_unit": null, "consumption_quantity": null}], "temperature_zone": "refrigerated_5_degrees_celsius", "is_self_scale_item": false, "is_weight_item": false, "is_available_in_all_stores": true, "is_batch_item": false}
{"id": 35269, "name": "FRIKADELLER 4 STK.", "underline": "340 GR. / FISKEMANDENS", "age_limit": null, "hazard_precaution_statements": [], "labels": [{"id": 9, "name": "MSC", "image": "https://static-assets.digital.rema1000.dk/product/labels/9-64.webp"}, {"id": 40, "name": "Nøglehul", "image": "https://static-assets.digital.rema1000.dk/product/labels/40-64.webp"}, {"id": 70, "name": "Dansk", "image": "https://static-assets.digital.rema1000.dk/product/labels/70-64.webp"}], "description": null, "info": "", "images": [{"small": "https://rema-product-images.digital.rema1000.dk/35269/1-small-Ea91njYPzY.webp", "medium": "https://rema-product-images.digital.rema1000.dk/35269/1-medium-Ea91njYPzY.webp", "large": "https://rema-product-images.digital.rema1000.dk/35269/1-large-Ea91njYPzY.webp"}], "prices": [{"price": 17.95, "price_over_max_quantity": null, "max_quantity": null, "is_advertised": false, "is_campaign": false, "starting_at": "2024-12-12T00:00:00+00:00", "ending_at": "2099-12-31T00:00:00+00:00", "deposit": null, "compare_unit": "kg", "compare_unit_price": 52.79, "consumption_unit": null, "consumption_quantity": null}], "temperature_zone": "refrigerated_5_degrees_celsius", "is_self_scale_item": false, "is_weight_item": false, "is_available_in_all_stores": true, "is_batch_item": false}
{"id": 360565, "name": "HINDBÆRSNITTER", "underline": "250 GR. / BAVINCHI, 4 STK.", "age_limit": null, "hazard_precaution_statements": [], "labels": [], "description": null, "info": "", "images": [{"small": "https://rema-product-images.digital.rema1000.dk/360565/1-small-bJ9Y744AoL.webp", "medium": "https://rema-product-images.digital.rema1000.dk/360565/1-medium-bJ9Y744AoL.webp", "large": "https://rema-product-images.digital.rema1000.dk/360565/1-large-bJ9Y744AoL.webp"}], "prices": [{"price": 28, "price_over_max_quantity": null, "max_quantity": null, "is_advertised": false, "is_campaign": false, "starting_at": "2025-05-15T00:00:00+00:00", "ending_at": "2099-12-31T00:00:00+00:00", "deposit": null, "compare_unit": "kg", "compare_unit_price": 112, "consumption_unit": null, "consumption_quantity": null}], "temperature_zone": null, "is_self_scale_item": false, "is_weight_item": false, "is_available_in_all_stores": true, "is_batch_item": false}
{"id": 360577, "name": "MAKRONSNITTER", "underline": "220 GR. / BAVINCHI, 4 STK.", "age_limit": null, "hazard_precaution_statements": [], "labels": [], "description": null, "info": "", "images": [{"small": "https://rema-product-images.digital.rema1000.dk/360577/1-small-YLPjyjj29k.webp", "medium": "https://rema-product-images.digital.rema1000.dk/360577/1-medium-YLPjyjj29k.webp", "large": "https://rema-product-images.digital.rema1000.dk/360577/1-large-YLPjyjj29k.webp"}], "prices": [{"price": 28, "price_over_max_quantity": null, "max_quantity": null, "is_advertised": false, "is_campaign": false, "starting_at": "2025-05-15T00:00:00+00:00", "ending_at": "2099-12-31T00:00:00+00:00", "deposit": null, "compare_unit": "kg", "compare_unit_price": 127.27, "consumption_unit": null, "consumption_quantity": null}], "temperature_zone": null, "is_self_scale_item": false, "is_weight_item": false, "is_available_in_all_stores": true, "is_batch_item": false}
{"id": 360624, "name": "TRØFLER", "underline": "290 GR. / BAVINCHI, 4 STK.", "age_limit": null, "hazard_precaution_statements": [], "labels": [], "description": null, "info": "", "images": [{"small": "https://rema-product-images.digital.rema1000.dk/360624/1-small-vXodY6Zmq3.webp", "medium": "https://rema-product-images.digital.rema1000.dk/360624/1-medium-vXodY6Zmq3.webp", "large": "https://rema-product-images.digital.rema1000.dk/360624/1-large-vXodY6Zmq3.webp"}], "prices": [{"price": 32, "price_over_max_quantity": null, "max_quantity": null, "is_advertised": false, "is_campaign": false, "starting_at": "2025-05-15T00:00:00+00:00", "ending_at": "2099-12-31T00:00:00+00:00", "deposit": null, "compare_unit": "kg", "compare_unit_price": 110.34, "consumption_unit": null, "consumption_quantity": null}], "temperature_zone": null, "is_self_scale_item": false, "is_weight_item": false, "is_available_in_all_stores": true, "is_batch_item": false}
{"id": 360638, "name": "SURDEJSBAGUETTE", "underline": "290 GR. / BAVINCHI", "age_limit": null, "hazard_precaution_statements": [], "labels": [], "description": null, "info": "", "images": [{"small": "https://rema-product-images.digital.rema1000.dk/360638/1-small-MBoNXmag9v.webp", "medium": "https://rema-product-images.digital.rema1000.dk/360638/1-medium-MBoNXmag9v.webp", "large": "https://rema-product-images.digital.rema1000.dk/360638/1-large-MBoNXmag9v.webp"}], "prices": [{"price": 15, "price_over_max_quantity": null, "max_quantity": null, "is_advertised": false, "is_campaign": false, "starting_at": "2025-05-20T00:00:00+00:00", "ending_at": "2099-12-31T00:00:00+00:00", "deposit": null, "compare_unit": "kg", "compare_unit_price": 51.72, "consumption_unit": null, "consumption_quantity": null}], "temperature_zone": null, "is_self_scale_item": false, "is_weight_item": false, "is_available_in_all_stores": true, "is_batch_item": false}
{"id": 360656, "name": "CHOKOLADEBOLLE", "underline": "75 GR.", "age_limit": null, "hazard_precaution_statements": [], "labels": [], "description": null, "info": "", "images": [{"small": "https://rema-product-images.digital.rema1000.dk/360656/1-small-18oXK4d0Pk.webp", "medium": "https://rema-product-images.digital.rema1000.dk/360656/1-medium-18oXK4d0Pk.webp", "large": "https://rema-product-images.digital.rema1000.dk/360656/1-large-18oXK4d0Pk.webp"}], "prices": [{"price": 7, "price_over_max_quantity": null, "max_quantity": null, "is_advertised": false, "is_campaign": false, "starting_at": "2025-02-24T00:00:00+00:00", "ending_at": "2099-12-31T00:00:00+00:00", "deposit": null, "compare_unit": "kg", "compare_unit_price": 93.33, "consumption_unit": null, "consumption_quantity": null}], "temperature_zone": null, "is_self_scale_item": false, "is_weight_item": false, "is_available_in_all_stores": true, "is_batch_item": false}
{"id": 360657, "name": "GRØDBRØD", "underline": "500 GR.", "age_limit": null, "hazard_precaution_statements": [], "labels": [], "description": null, "info": "", "images": [{"small": "https://rema-product-images.digital.rema1000.dk/360657/1-small-wyPba6GV9E.webp", "medium": "https://rema-product-images.digital.rema1000.dk/360657/1-medium-wyPba6GV9E.webp", "large": "https://rema-product-images.digital.rema1000.dk/360657/1-large-wyPba6GV9E.webp"}], "prices": [{"price": 25, "price_over_max_quantity": null, "max_quantity": null, "is_advertised": false, "is_campaign": false, "starting_at": "2025-07-04T00:00:00+00:00", "ending_at": "2099-12-31T00:00:00+00:00", "deposit": null, "compare_unit": "kg", "compare_unit_price": 50, "consumption_unit": null, "consumption_quantity": null}], "temperature_zone": null, "is_self_scale_item": false, "is_weight_item": false, "is_available_in_all_stores": true, "is_batch_item": false}
{"id": 360691, "name": "SALT OG PEBER STYKKE", "underline": "50 GR. / BAVINCHI", "age_limit": null, "hazard_precaution_statements": [], "labels": [], "description": null, "info": "", "images": [{"small": "https://rema-product-images.digital.rema1000.dk/360691/1-small-3MoMLpwyP5.webp", "medium": "https://rema-product-images.digital.rema1000.dk/360691/1-medium-3MoMLpwyP5.webp", "large": "https://rema-product-images.digital.rema1000.dk/360691/1-large-3MoMLpwyP5.webp"}], "prices": [{"price": 4, "price_over_max_quantity": null, "max_quantity": null, "is_advertised": false, "is_campaign": false, "starting_at": "2025-05-15T00:00:00+00:00", "ending_at": "2025-09-17T00:00:00+00:00", "deposit": null, "compare_unit": "kg", "compare_unit_price": 80, "consumption_unit": null, "consumption_quantity": null}], "temperature_zone": null, "is_self_scale_item": false, "is_weight_item": false, "is_available_in_all_stores": true, "is_batch_item": false}
{"id": 360700, "name": "SOLSIKKERUGBRØD", "underline": "800 GR. / BAVINCHI", "age_limit": null, "hazard_precaution_statements": [], "labels": [{"id": 40, "name": "Nøglehul", "image": "https://static-assets.digital.rema1000.dk/product/labels/40-64.webp"}], "description": "Uindpakket", "info": "", "images": [{"small": "https://rema-product-images.digital.rema1000.dk/360700/1-small-xePwxlGKow.webp", "medium": "https://rema-product-images.digital.rema1000.dk/360700/1-medium-xePwxlGKow.webp", "large": "https://rema-product-images.digital.rema1000.dk/360700/1-large-xePwxlGKow.webp"}], "prices": [{"price": 28, "price_over_max_quantity": null, "max_quantity": null, "is_advertised": false, "is_campaign": false, "starting_at": "2025-05-15T00:00:00+00:00", "ending_at": "2099-12-31T00:00:00+00:00", "deposit": null, "compare_unit": "kg", "compare_unit_price": 35, "consumption_unit": null, "consumption_quantity": null}], "temperature_zone": null, "is_self_scale_item": false, "is_weight_item": false, "is_available_in_all_stores": true, "is_batch_item": false}
{"id": 360715, "name": "MORMORBRØD", "underline": "515 GR. / BAVINCHI", "age_limit": null, "hazard_precaution_statements": [], "labels": [], "description": null, "info": "", "images": [{"small": "https://rema-product-images.digital.rema1000.dk/360715/1-small-KpqRBAVXqL.webp", "medium": "https://rema-product-images.digital.rema1000.dk/360715/1-medium-KpqRBAVXqL.webp", "large": "https://rema-product-images.digital.rema1000.dk/360715/1-large-KpqRBAVXqL.webp"}], "prices": [{"price": 26, "price_over_max_quantity": null, "max_quantity": null, "is_advertised": false, "is_campaign": false, "starting_at": "2025-05-15T00:00:00+00:00", "ending_at": "2099-12-31T00:00:00+00:00", "deposit": null, "compare_unit": "kg", "compare_unit_price": 50.49, "consumption_unit": null, "consumption_quantity": null}], "temperature_zone": null, "is_self_scale_item": false, "is_weight_item": false, "is_available_in_all_stores": true, "is_batch_item": false}
{"id": 360720, "name": "TREKORNSBRØD", "underline": "515 GR. / BAVINCHI", "age_limit": null, "hazard_precaution_statements": [], "labels": [], "description": null, "info": "", "images": [{"small": "https://rema-product-images.digital.rema1000.dk/360720/1-small-AKqeQGdMqp.webp", "medium": "https://rema-product-images.digital.rema1000.dk/360720/1-medium-AKqeQGdMqp.webp", "large": "https://rema-product-images.digital.rema1000.dk/360720/1-large-AKqeQGdMqp.webp"}], "prices": [{"price": 20, "price_over_max_quantity": null, "max_quantity": null, "is_advertised": false, "is_campaign": false, "starting_at": "2022-04-07T00:00:00+00:00", "ending_at": "2099-12-31T00:00:00+00:00", "deposit": null, "compare_unit": "kg", "compare_unit_price": 38.83, "consumption_unit": null, "consumption_quantity": null}], "temperature_zone": null, "is_self_scale_item": false, "is_weight_item": false, "is_available_in_all_stores": true, "is_batch_item": false}
{"id": 360726, "name": "FORMBRØD", "underline": "536 GR. / BAVINCHI, MED BIRKES", "age_limit": null, "hazard_precaution_statements": [], "labels": [], "description": null, "info": "", "images": [{"small": "https://rema-product-images.digital.rema1000.dk/360726/1-small-kOq3rvkko6.webp", "medium": "https://rema-product-images.digital.rema1000.dk/360726/1-medium-kOq3rvkko6.webp", "large": "https://rema-product-images.digital.rema1000.dk/360726/1-large-kOq3rvkko6.webp"}], "prices": [{"price": 20, "price_over_max_quantity": null, "max_quantity": null, "is_advertised": false, "is_campaign": false, "starting_at": "2025-05-21T00:00:00+00:00", "ending_at": "2099-12-31T00:00:00+00:00", "deposit": null, "compare_unit": "kg", "compare_unit_price": 37.31, "consumption_unit": null, "consumption_quantity": null}], "temperature_zone": null, "is_self_scale_item": false, "is_weight_item": false, "is_available_in_all_stores": true, "is_batch_item": false}
{"id": 360729, "name": "MØRK BAGUETTE", "underline": "300 GR. / BAVINCHI", "age_limit": null, "hazard_precaution_statements": [], "labels": [], "description": null, "info": "", "images": [{"small": "https://rema-product-images.digital.rema1000.dk/360729/1-small-pYqxAVgy91.webp", "medium": "https://rema-product-images.digital.rema1000.dk/360729/1-medium-pYqxAVgy91.webp", "large": "https://rema-product-images.digital.rema1000.dk/360729/1-large-pYqxAVgy91.webp"}], "prices": [{"price": 15, "price_over_max_quantity": null, "max_quantity": null, "is_advertised": false, "is_campaign": false, "starting_at": "2025-05-15T00:00:00+00:00", "ending_at": "2099-12-31T00:00:00+00:00", "deposit": null, "compare_unit": "kg", "compare_unit_price": 50, "consumption_unit": null, "consumption_quantity": null}], "temperature_zone": null, "is_self_scale_item": false, "is_weight_item": false, "is_available_in_all_stores": true, "is_batch_item": false}
{"id": 360730, "name": "LYS BAGUETTE", "underline": "285 GR. / BAVINCHI", "age_limit": null, "hazard_precaution_statements": [], "labels": [], "description": "Uindpakket", "info": "", "images": [{"small": "https://rema-product-images.digital.rema1000.dk/360730/1-small-869Dj3YMoM.webp", "medium": "https://rema-product-images.digital.rema1000.dk/360730/1-medium-869Dj3YMoM.webp", "large": "https://rema-product-images.digital.rema1000.dk/360730/1-large-869Dj3YMoM.webp"}], "prices": [{"price": 15, "price_over_max_quantity": null, "max_quantity": null, "is_advertised": false, "is_campaign": false, "starting_at": "2025-05-15T00:00:00+00:00", "ending_at": "2099-12-31T00:00:00+00:00", "deposit": null, "compare_unit": "kg", "compare_unit_price": 52.63, "consumption_unit": null, "consumption_quantity": null}], "temperature_zone": null, "is_self_scale_item": false, "is_weight_item": false, "is_available_in_all_stores": true, "is_batch_item": false}
{"id": 360735, "name": "SKAGENSTYKKE", "underline": "60 GR. / BAVINCHI, FULDKORN", "age_limit": null, "hazard_precaution_statements": [], "labels": [], "description": null, "info": "", "images": [{"small": "https://rema-product-images.digital.rema1000.dk/360735/1-small-Gb9kVaLrq7.webp", "medium": "https://rema-product-images.digital.rema1000.dk/360735/1-medium-Gb9kVaLrq7.webp", "large": "https://rema-product-images.digital.rema1000.dk/360735/1-large-Gb9kVaLrq7.webp"}], "prices": [{"price": 4, "price_over_max_quantity": null, "max_quantity": null, "is_advertised": false, "is_campaign": false, "starting_at": "2025-05-15T00:00:00+00:00", "ending_at": "2025-09-17T00:00:00+00:00", "deposit": null, "compare_unit": "kg", "compare_unit_price": 66.67, "consumption_unit": null, "consumption_quantity": null}], "temperature_zone": null, "is_self_scale_item": false, "is_weight_item": false, "is_available_in_all_stores": true, "is_batch_item": false}
{"id": 360738, "name": "HÅNDVÆRKER", "underline": "45 GR. / BAVINCHI", "age_limit": null, "hazard_precaution_statements": [], "labels": [], "description": null, "info": "", "images": [{"small": "https://rema-product-images.digital.rema1000.dk/360738/1-small-MBoNXmg59v.webp", "medium": "https://rema-product-images.digital.rema1000.dk/360738/1-medium-MBoNXmg59v.webp", "large": "https://rema-product-images.digital.rema1000.dk/360738/1-large-MBoNXmg59v.webp"}], "prices": [{"price": 4, "price_over_max_quantity": null, "max_quantity": null, "is_advertised": false, "is_campaign": false, "starting_at": "2025-05-15T00:00:00+00:00", "ending_at": "2025-09-17T00:00:00+00:00", "deposit": null, "compare_unit": "kg", "compare_unit_price": 88.89, "consumption_unit": null, "consumption_quantity": null}], "temperature_zone": null, "is_self_scale_item": false, "is_weight_item": false, "is_available_in_all_stores": true, "is_batch_item": false}
{"id": 360744, "name": "GROVBIRKES", "underline": "85 GR. / BAVINCHI", "age_limit": null, "hazard_precaution_statements": [], "labels": [], "description": null, "info": "", "images": [{"small": "https://rema-product-images.digital.rema1000.dk/360744/1-small-xePwxlrKow.webp", "medium": "https://rema-product-images.digital.rema1000.dk/360744/1-medium-xePwxlrKow.webp", "large": "https://rema-product-images.digital.rema1000.dk/360744/1-large-xePwxlrKow.webp"}], "prices": [{"price": 7, "price_over_max_quantity": null, "max_quantity": null, "is_advertised": false, "is_campaign": false, "starting_at": "2025-03-06T00:00:00+00:00", "ending_at": "2099-12-31T00:00:00+00:00", "deposit": null, "compare_unit": "kg", "compare_unit_price": 82.35, "consumption_unit": null, "consumption_quantity": null}], "temperature_zone": null, "is_self_scale_item": false, "is_weight_item": false, "is_available_in_all_stores": true, "is_batch_item": false}
{"id": 360750, "name": "WIENERSTANG", "underline": "275 GR.", "age_limit": null, "hazard_precaution_statements": [], "labels": [], "description": null, "info": "", "images": [{"small": "https://rema-product-images.digital.rema1000.dk/360750/1-small-vVor04BD93.webp", "medium": "https://rema-product-images.digital.rema1000.dk/360750/1-medium-vVor04BD93.webp", "large": "https://rema-product-images.digital.rema1000.dk/360750/1-large-vVor04BD93.webp"}], "prices": [{"price": 34, "price_over_max_quantity": null, "max_quantity": null, "is_advertised": false, "is_campaign": false, "starting_at": "2025-05-15T00:00:00+00:00", "ending_at": "2099-12-31T00:00:00+00:00", "deposit": null, "compare_unit": "kg", "compare_unit_price": 123.64, "consumption_unit": null, "consumption_quantity": null}], "temperature_zone": null, "is_self_scale_item": false, "is_weight_item": false, "is_available_in_all_stores": true, "is_batch_item": false}
{"id": 360751, "name": "KANELSTANG", "underline": "370 GR. / BAVINCHI, HVID GLASUR", "age_limit": null, "hazard_precaution_statements": [], "labels": [], "description": "Uindpakket", "info": "", "images": [{"small": "https://rema-product-images.digital.rema1000.dk/360751/1-small-v09glbdmPA.webp", "medium": "https://rema-product-images.digital.rema1000.dk/360751/1-medium-v09glbdmPA.webp", "large": "https://rema-product-images.digital.rema1000.dk/360751/1-large-v09glbdmPA.webp"}], "prices": [{"price": 34, "price_over_max_quantity": null, "max_quantity": null, "is_advertised": false, "is_campaign": false, "starting_at": "2025-05-15T00:00:00+00:00", "ending_at": "2025-09-03T00:00:00+00:00", "deposit": null, "compare_unit": "kg", "compare_unit_price": 91.89, "consumption_unit": null, "consumption_quantity": null}], "temperature_zone": null, "is_self_scale_item": false, "is_weight_item": false, "is_available_in_all_stores": true, "is_batch_item": false}
{"id": 360759, "name": "TREKORNSSTYKKE", "underline": "60 GR. / BAVINCHI", "age_limit": null, "hazard_precaution_statements": [], "labels": [], "description": null, "info": "", "images": [{"small": "https://rema-product-images.digital.rema1000.dk/360759/1-small-KpqRBANXqL.webp", "medium": "https://rema-product-images.digital.rema1000.dk/360759/1-medium-KpqRBANXqL.webp", "large": "https://rema-product-images.digital.rema1000.dk/360759/1-large-KpqRBANXqL.webp"}], "prices": [{"price": 4, "price_over_max_quantity": null, "max_quantity": null, "is_advertised": false, "is_campaign": false, "starting_at": "2025-05-15T00:00:00+00:00", "ending_at": "2025-09-17T00:00:00+00:00", "deposit": null, "compare_unit": "kg", "compare_unit_price": 66.67, "consumption_unit": null, "consumption_quantity": null}], "temperature_zone": null, "is_self_scale_item": false, "is_weight_item": false, "is_available_in_all_stores": true, "is_batch_item": false}
{"id": 360764, "name": "CREMESNEGL", "underline": "95 GR. / BAVINCHI", "age_limit": null, "hazard_precaution_statements": [], "labels": [], "description": null, "info": "", "images": [{"small": "https://rema-product-images.digital.rema1000.dk/360764/1-small-AKqeQGzMqp.webp", "medium": "https://rema-product-images.digital.rema1000.dk/360764/1-medium-AKqeQGzMqp.webp", "large": "https://rema-product-images.digital.rema1000.dk/360764/1-large-AKqeQGzMqp.webp"}], "prices": [{"price": 10, "price_over_max_quantity": null, "max_quantity": null, "is_advertised": false, "is_campaign": false, "starting_at": "2022-09-22T00:00:00+00:00", "ending_at": "2099-12-31T00:00:00+00:00", "deposit": null, "compare_unit": "kg", "compare_unit_price": 105.26, "consumption_unit": null, "consumption_quantity": null}], "temperature_zone": null, "is_self_scale_item": false, "is_weight_item": false, "is_available_in_all_stores": true, "is_batch_item": false}
{"id": 360770, "name": "KANELSNEGL", "underline": "105 GR. / BAVINCHI", "age_limit": null, "hazard_precaution_statements": [], "labels": [], "description": null, "info": "", "images": [{"small": "https://rema-product-images.digital.rema1000.dk/360770/1-small-kOq3rvBko6.webp", "medium": "https://rema-product-images.digital.rema1000.dk/360770/1-medium-kOq3rvBko6.webp", "large": "https://rema-product-images.digital.rema1000.dk/360770/1-large-kOq3rvBko6.webp"}], "prices": [{"price": 10, "price_over_max_quantity": null, "max_quantity": null, "is_advertised": false, "is_campaign": false, "starting_at": "2022-08-04T00:00:00+00:00", "ending_at": "2099-12-31T00:00:00+00:00", "deposit": null, "compare_unit": "kg", "compare_unit_price": 95.24, "consumption_unit": null, "consumption_quantity": null}], "temperature_zone": null, "is_self_scale_item": false, "is_weight_item": false, "is_available_in_all_stores": true, "is_batch_item": false}
{"id": 360772, "name": "TEBIRKES", "underline": "86 GR. / BAVINCHI", "age_limit": null, "hazard_precaution_statements": [], "labels": [], "description": null, "info": "", "images": [{"small": "https://rema-product-images.digital.rema1000.dk/360772/1-small-xyqal3L2oD.webp", "medium": "https://rema-product-images.digital.rema1000.dk/360772/1-medium-xyqal3L2oD.webp", "large": "https://rema-product-images.digital.rema1000.dk/360772/1-large-xyqal3L2oD.webp"}], "prices": [{"price": 10, "price_over_max_quantity": null, "max_quantity": null, "is_advertised": false, "is_campaign": false, "starting_at": "2022-09-22T00:00:00+00:00", "ending_at": "2099-12-31T00:00:00+00:00", "deposit": null, "compare_unit": "kg", "compare_unit_price": 116.28, "consumption_unit": null, "consumption_quantity": null}], "temperature_zone": null, "is_self_scale_item": false, "is_weight_item": false, "is_available_in_all_stores": true, "is_batch_item": false}
{"id": 360775, "name": "KÆRNEMÆLKSHORN", "underline": "82 GR.", "age_limit": null, "hazard_precaution_statements": [], "labels": [], "description": null, "info": "", "images": [{"small": "https://rema-product-images.digital.rema1000.dk/360775/1-small-01q2DkwmP7.webp", "medium": "https://rema-product-images.digital.rema1000.dk/360775/1-medium-01q2DkwmP7.webp", "large": "https://rema-product-images.digital.rema1000.dk/360775/1-large-01q2DkwmP7.webp"}], "prices": [{"price": 10, "price_over_max_quantity": null, "max_quantity": null, "is_advertised": false, "is_campaign": false, "starting_at": "2022-09-22T00:00:00+00:00", "ending_at": "2099-12-31T00:00:00+00:00", "deposit": null, "compare_unit": "kg", "compare_unit_price": 121.95, "consumption_unit": null, "consumption_quantity": null}], "temperature_zone": null, "is_self_scale_item": false, "is_weight_item": false, "is_available_in_all_stores": true, "is_batch_item": false}
{"id": 360776, "name": "SPANDAUER", "underline": "94 GR. / BAVINCHI, MED CREME", "age_limit": null, "hazard_precaution_statements": [], "labels": [], "description": null, "info": "", "images": [{"small": "https://rema-product-images.digital.rema1000.dk/360776/1-small-nDPWVlLO9W.webp", "medium": "https://rema-product-images.digital.rema1000.dk/360776/1-medium-nDPWVlLO9W.webp", "large": "https://rema-product-images.digital.rema1000.dk/360776/1-large-nDPWVlLO9W.webp"}], "prices": [{"price": 10, "price_over_max_quantity": null, "max_quantity": null, "is_advertised": false, "is_campaign": false, "starting_at": "2022-09-22T00:00:00+00:00", "ending_at": "2099-12-31T00:00:00+00:00", "deposit": null, "compare_unit": "kg", "compare_unit_price": 106.38, "consumption_unit": null, "consumption_quantity": null}], "temperature_zone": null, "is_self_scale_item": false, "is_weight_item": false, "is_available_in_all_stores": true, "is_batch_item": false}
{"id": 360790, "name": "FOCACCIA", "underline": "300 GR. / BAVINCHI, M/ROSMARIN & SALT", "age_limit": null, "hazard_precaution_statements": [], "labels": [], "description": "Uindpakket", "info": "", "images": [{"small": "https://rema-product-images.digital.rema1000.dk/360790/1-small-kAonryOaox.webp", "medium": "https://rema-product-images.digital.rema1000.dk/360790/1-medium-kAonryOaox.webp", "large": "https://rema-product-images.digital.rema1000.dk/360790/1-large-kAonryOaox.webp"}], "prices": [{"price": 15, "price_over_max_quantity": null, "max_quantity": null, "is_advertised": false, "is_campaign": false, "starting_at": "2025-05-15T00:00:00+00:00", "ending_at": "2099-12-31T00:00:00+00:00", "deposit": null, "compare_unit": "kg", "compare_unit_price": 50, "consumption_unit": null, "consumption_quantity": null}], "temperature_zone": null, "is_self_scale_item": false, "is_weight_item": false, "is_available_in_all_stores": true, "is_batch_item": false}
{"id": 360809, "name": "TEBOLLE", "underline": "46 GR. / BAVINCHI", "age_limit": null, "hazard_precaution_statements": [], "labels": [], "description": null, "info": "", "images": [{"small": "https://rema-product-images.digital.rema1000.dk/360809/1-small-aboK1AjG9p.webp", "medium": "https://rema-product-images.digital.rema1000.dk/360809/1-medium-aboK1AjG9p.webp", "large": "https://rema-product-images.digital.rema1000.dk/360809/1-large-aboK1AjG9p.webp"}], "prices": [{"price": 4, "price_over_max_quantity": null, "max_quantity": null, "is_advertised": false, "is_campaign": false, "starting_at": "2025-05-15T00:00:00+00:00", "ending_at": "2099-12-31T00:00:00+00:00", "deposit": null, "compare_unit": "kg", "compare_unit_price": 86.96, "consumption_unit": null, "consumption_quantity": null}], "temperature_zone": null, "is_self_scale_item": false, "is_weight_item": false, "is_available_in_all_stores": true, "is_batch_item": false}
{"id": 360819, "name": "PØLSEHORN", "underline": "70 GR. / BAVINCHI", "age_limit": null, "hazard_precaution_statements": [], "labels": [], "description": null, "info": "", "images": [{"small": "https://rema-product-images.digital.rema1000.dk/360819/1-small-rDq6pXb4Pb.webp", "medium": "https://rema-product-images.digital.rema1000.dk/360819/1-medium-rDq6pXb4Pb.webp", "large": "https://rema-product-images.digital.rema1000.dk/360819/1-large-rDq6pXb4Pb.webp"}], "prices": [{"price": 12, "price_over_max_quantity": null, "max_quantity": null, "is_advertised": false, "is_campaign": false, "starting_at": "2022-09-22T00:00:00+00:00", "ending_at": "2099-12-31T00:00:00+00:00", "deposit": null, "compare_unit": "kg", "compare_unit_price": 171.43, "consumption_unit": null, "consumption_quantity": null}], "temperature_zone": null, "is_self_scale_item": false, "is_weight_item": false, "is_available_in_all_stores": true, "is_batch_item": false}
{"id": 360849, "name": "MINI PIZZA", "underline": "86 GR. / BAVINCHI, M/OKSEPEPPERONI", "age_limit": null, "hazard_precaution_statements": [], "labels": [], "description": null, "info": "", "images": [{"small": "https://rema-product-images.digital.rema1000.dk/360849/1-small-xQq8Wp2aoZ.webp", "medium": "https://rema-product-images.digital.rema1000.dk/360849/1-medium-xQq8Wp2aoZ.webp", "large": "https://rema-product-images.digital.rema1000.dk/360849/1-large-xQq8Wp2aoZ.webp"}], "prices": [{"price": 15, "price_over_max_quantity": null, "max_quantity": null, "is_advertised": false, "is_campaign": false, "starting_at": "2025-05-15T00:00:00+00:00", "ending_at": "2099-12-31T00:00:00+00:00", "deposit": null, "compare_unit": "kg", "compare_unit_price": 174.42, "consumption_unit": null, "consumption_quantity": null}], "temperature_zone": null, "is_self_scale_item": false, "is_weight_item": false, "is_available_in_all_stores": true, "is_batch_item": false}
{"id": 360853, "name": "GULERODSBOLLE", "underline": "75 GR.", "age_limit": null, "hazard_precaution_statements": [], "labels": [], "description": null, "info": "", "images": [{"small": "https://rema-product-images.digital.rema1000.dk/360853/1-small-aboK1AvG9p.webp", "medium": "https://rema-product-images.digital.rema1000.dk/360853/1-medium-aboK1AvG9p.webp", "large": "https://rema-product-images.digital.rema1000.dk/360853/1-large-aboK1AvG9p.webp"}], "prices": [{"price": 7, "price_over_max_quantity": null, "max_quantity": null, "is_advertised": false, "is_campaign": false, "starting_at": "2025-03-06T00:00:00+00:00", "ending_at": "2099-12-31T00:00:00+00:00", "deposit": null, "compare_unit": "kg", "compare_unit_price": 93.33, "consumption_unit": null, "consumption_quantity": null}], "temperature_zone": null, "is_self_scale_item": false, "is_weight_item": false, "is_available_in_all_stores": true, "is_batch_item": false}
{"id": 360867, "name": "PIZZASNEGL", "underline": "95 GR. / BAVINCHI", "age_limit": null, "hazard_precaution_statements": [], "labels": [], "description": null, "info": "", "images": [{"small": "https://rema-product-images.digital.rema1000.dk/360867/1-small-MNqZK4Z19A.webp", "medium": "https://rema-product-images.digital.rema1000.dk/360867/1-medium-MNqZK4Z19A.webp", "large": "https://rema-product-images.digital.rema1000.dk/360867/1-large-MNqZK4Z19A.webp"}], "prices": [{"price": 12, "price_over_max_quantity": null, "max_quantity": null, "is_advertised": false, "is_campaign": false, "starting_at": "2025-05-15T00:00:00+00:00", "ending_at": "2099-12-31T00:00:00+00:00", "deposit": null, "compare_unit": "kg", "compare_unit_price": 126.32, "consumption_unit": null, "consumption_quantity": null}], "temperature_zone": null, "is_self_scale_item": false, "is_weight_item": false, "is_available_in_all_stores": true, "is_batch_item": false}
{"id": 360873, "name": "PESTOSNURRE", "underline": "85 GR. /  GRØN", "age_limit": null, "hazard_precaution_statements": [], "labels": [], "description": null, "info": "", "images": [{"small": "https://rema-product-images.digital.rema1000.dk/360873/1-small-pYqxAVy491.webp", "medium": "https://rema-product-images.digital.rema1000.dk/360873/1-medium-pYqxAVy491.webp", "large": "https://rema-product-images.digital.rema1000.dk/360873/1-large-pYqxAVy491.webp"}], "prices": [{"price": 12, "price_over_max_quantity": null, "max_quantity": null, "is_advertised": false, "is_campaign": false, "starting_at": "2024-09-30T00:00:00+00:00", "ending_at": "2099-12-31T00:00:00+00:00", "deposit": null, "compare_unit": "kg", "compare_unit_price": 141.18, "consumption_unit": null, "consumption_quantity": null}], "temperature_zone": null, "is_self_scale_item": false, "is_weight_item": false, "is_available_in_all_stores": true, "is_batch_item": false}
{"id": 36515, "name": "MUSLINGER NATUREL", "underline": "120 GR. / VILDSUND", "age_limit": null, "hazard_precaution_statements": [], "labels": [{"id": 9, "name": "MSC", "image": "https://static-assets.digital.rema1000.dk/product/labels/9-64.webp"}, {"id": 40, "name": "Nøglehul", "image": "https://static-assets.digital.rema1000.dk/product/labels/40-64.webp"}], "description": null, "info": "", "images": [{"small": "https://rema-product-images.digital.rema1000.dk/36515/1-small-KpqRpabPLz.webp", "medium": "https://rema-product-images.digital.rema1000.dk/36515/1-medium-KpqRpabPLz.webp", "large": "https://rema-product-images.digital.rema1000.dk/36515/1-large-KpqRpabPLz.webp"}], "prices": [{"price": 16.5, "price_over_max_quantity": null, "max_quantity": null, "is_advertised": false, "is_campaign": false, "starting_at": "2022-06-02T00:00:00+00:00", "ending_at": "2099-12-31T00:00:00+00:00", "deposit": null, "compare_unit": "kg", "compare_unit_price": 137.5, "consumption_unit": null, "consumption_quantity": null}], "temperature_zone": null, "is_self_scale_item": false, "is_weight_item": false, "is_available_in_all_stores": true, "is_batch_item": false}
{"id": 37016, "name": "SARDINER I OLIE", "underline": "120 GR. / JOHN WEST", "age_limit": null, "hazard_precaution_statements": [], "labels": [], "description": null, "info": "", "images": [{"small": "https://rema-product-images.digital.rema1000.dk/37016/1-small-6xqAZOR9Dr.webp", "medium": "https://rema-product-images.digital.rema1000.dk/37016/1-medium-6xqAZOR9Dr.webp", "large": "https://rema-product-images.digital.rema1000.dk/37016/1-large-6xqAZOR9Dr.webp"}], "prices": [{"price": 11.95, "price_over_max_quantity": null, "max_quantity": null, "is_advertised": false, "is_campaign": false, "starting_at": "2025-07-03T00:00:00+00:00", "ending_at": "2099-12-31T00:00:00+00:00", "deposit": null, "compare_unit": "kg", "compare_unit_price": 99.58, "consumption_unit": null, "consumption_quantity": null}], "temperature_zone": null, "is_self_scale_item": false, "is_weight_item": false, "is_available_in_all_stores": true, "is_batch_item": false}
{"id": 400001, "name": "KOTELETTER M.TOMAT", "underline": "300 GR. / GRILL- DANSK", "age_limit": null, "hazard_precaution_statements": [], "labels": [{"id": 9001, "name": "Avisvare", "image": "https://static-assets.digital.rema1000.dk/product/labels/9001-64.webp"}, {"id": 40, "name": "Nøglehul", "image": "https://static-assets.digital.rema1000.dk/product/labels/40-64.webp"}, {"id": 70, "name": "Dansk", "image": "https://static-assets.digital.rema1000.dk/product/labels/70-64.webp"}], "description": null, "info": "", "images": [{"small": "https://rema-product-images.digital.rema1000.dk/400001/1-small-ElPBrmGWPk.webp", "medium": "https://rema-product-images.digital.rema1000.dk/400001/1-medium-ElPBrmGWPk.webp", "large": "https://rema-product-images.digital.rema1000.dk/400001/1-large-ElPBrmGWPk.webp"}], "prices": [{"price": 29, "price_over_max_quantity": null, "max_quantity": null, "is_advertised": true, "is_campaign": true, "starting_at": "2025-08-17T00:00:00+00:00", "ending_at": "2025-08-23T00:00:00+00:00", "deposit": null, "compare_unit": "kg", "compare_unit_price": 96.67, "consumption_unit": null, "consumption_quantity": null}, {"price": 32.95, "price_over_max_quantity": null, "max_quantity": null, "is_advertised": false, "is_campaign": false, "starting_at": "2025-08-24T00:00:00+00:00", "ending_at": "2099-12-31T00:00:00+00:00", "deposit": null, "compare_unit": "kg", "compare_unit_price": 109.83, "consumption_unit": null, "consumption_quantity": null}], "temperature_zone": "refrigerated_5_degrees_celsius", "is_self_scale_item": false, "is_weight_item": false, "is_available_in_all_stores": true, "is_batch_item": false}
{"id": 400002, "name": "KOTELETTER M. HVIDLØG", "underline": "300 GR. / GRILL - DANSK", "age_limit": null, "hazard_precaution_statements": [], "labels": [{"id": 9001, "name": "Avisvare", "image": "https://static-assets.digital.rema1000.dk/product/labels/9001-64.webp"}, {"id": 70, "name": "Dansk", "image": "https://static-assets.digital.rema1000.dk/product/labels/70-64.webp"}], "description": null, "info": "Født i: Danmark\nOpvokset i: Danmark\nSlagtet i: Danmark\nSkåret i: Danmark", "images": [{"small": "https://rema-product-images.digital.rema1000.dk/400002/1-small-kAonrE0box.webp", "medium": "https://rema-product-images.digital.rema1000.dk/400002/1-medium-kAonrE0box.webp", "large": "https://rema-product-images.digital.rema1000.dk/400002/1-large-kAonrE0box.webp"}], "prices": [{"price": 29, "price_over_max_quantity": null, "max_quantity": null, "is_advertised": true, "is_campaign": true, "starting_at": "2025-08-17T00:00:00+00:00", "ending_at": "2025-08-23T00:00:00+00:00", "deposit": null, "compare_unit": "kg", "compare_unit_price": 96.67, "consumption_unit": null, "consumption_quantity": null}, {"price": 32.95, "price_over_max_quantity": null, "max_quantity": null, "is_advertised": false, "is_campaign": false, "starting_at": "2025-08-24T00:00:00+00:00", "ending_at": "2099-12-31T00:00:00+00:00", "deposit": null, "compare_unit": "kg", "compare_unit_price": 109.83, "consumption_unit": null, "consumption_quantity": null}], "temperature_zone": "refrigerated_5_degrees_celsius", "is_self_scale_item": false, "is_weight_item": false, "is_available_in_all_stores": true, "is_batch_item": false}
{"id": 400020, "name": "BACON/CHEDDAR GRILLER", "underline": "360 GR. / GRILL - DANSK", "age_limit": null, "hazard_precaution_statements": [], "labels": [{"id": 70, "name": "Dansk", "image": "https://static-assets.digital.rema1000.dk/product/labels/70-64.webp"}], "description": null, "info": "", "images": [{"small": "https://rema-product-images.digital.rema1000.dk/400020/1-small-AKqeQk42qp.webp", "medium": "https://rema-product-images.digital.rema1000.dk/400020/1-medium-AKqeQk42qp.webp", "large": "https://rema-product-images.digital.rema1000.dk/400020/1-large-AKqeQk42qp.webp"}], "prices": [{"price": 32.95, "price_over_max_quantity": null, "max_quantity": null, "is_advertised": false, "is_campaign": false, "starting_at": "2025-07-31T00:00:00+00:00", "ending_at": "2025-08-23T00:00:00+00:00", "deposit": null, "compare_unit": "kg", "compare_unit_price": 91.53, "consumption_unit": null, "consumption_quantity": null}], "temperature_zone": "refrigerated_5_degrees_celsius", "is_self_scale_item": false, "is_weight_item": false, "is_available_in_all_stores": true, "is_batch_item": false}
{"id": 400040, "name": "HERREGRILLER M. BACON", "underline": "360 GR. / GRILL - DANSK", "age_limit": null, "hazard_precaution_statements": [], "labels": [{"id": 70, "name": "Dansk", "image": "https://static-assets.digital.rema1000.dk/product/labels/70-64.webp"}], "description": null, "info": "", "images": [{"small": "https://rema-product-images.digital.rema1000.dk/400040/1-small-rQqQw41BPe.webp", "medium": "https://rema-product-images.digital.rema1000.dk/400040/1-medium-rQqQw41BPe.webp", "large": "https://rema-product-images.digital.rema1000.dk/400040/1-large-rQqQw41BPe.webp"}], "prices": [{"price": 32.95, "price_over_max_quantity": null, "max_quantity": null, "is_advertised": false, "is_campaign": false, "starting_at": "2025-07-31T00:00:00+00:00", "ending_at": "2025-08-23T00:00:00+00:00", "deposit": null, "compare_unit": "kg", "compare_unit_price": 91.53, "consumption_unit": null, "consumption_quantity": null}], "temperature_zone": "refrigerated_5_degrees_celsius", "is_self_scale_item": false, "is_weight_item": false, "is_available_in_all_stores": false, "is_batch_item": false}
{"id": 400043, "name": "NAKKEKOTELETTER", "underline": "300 GR. / MED SMOKEY BBQ- DANSKE", "age_limit": null, "hazard_precaution_statements": [], "labels": [{"id": 9001, "name": "Avisvare", "image": "https://static-assets.digital.rema1000.dk/product/labels/9001-64.webp"}, {"id": 70, "name": "Dansk", "image": "https://static-assets.digital.rema1000.dk/product/labels/70-64.webp"}], "description": null, "info": "", "images": [{"small": "https://rema-product-images.digital.rema1000.dk/400043/1-small-dyomVk3BqV.webp", "medium": "https://rema-product-images.digital.rema1000.dk/400043/1-medium-dyomVk3BqV.webp", "large": "https://rema-product-images.digital.rema1000.dk/400043/1-large-dyomVk3BqV.webp"}], "prices": [{"price": 29, "price_over_max_quantity": null, "max_quantity": null, "is_advertised": true, "is_campaign": true, "starting_at": "2025-08-17T00:00:00+00:00", "ending_at": "2025-08-23T00:00:00+00:00", "deposit": null, "compare_unit": "kg", "compare_unit_price": 96.67, "consumption_unit": null, "consumption_quantity": null}, {"price": 34.95, "price_over_max_quantity": null, "max_quantity": null, "is_advertised": false, "is_campaign": false, "starting_at": "2025-08-24T00:00:00+00:00", "ending_at": "2099-12-31T00:00:00+00:00", "deposit": null, "compare_unit": "kg", "compare_unit_price": 116.5, "consumption_unit": null, "consumption_quantity": null}], "temperature_zone": "refrigerated_5_degrees_celsius", "is_self_scale_item": false, "is_weight_item": false, "is_available_in_all_stores": true, "is_batch_item": false}
{"id": 400101, "name": "BACON & BBQ GRILLBØFFER", "underline": "250 GR. / REMA 1000, AF GRISEKØD", "age_limit": null, "hazard_precaution_statements": [], "labels": [{"id": 70, "name": "Dansk", "image": "https://static-assets.digital.rema1000.dk/product/labels/70-64.webp"}], "description": null, "info": "Født i: Danmark\nOpvokset i: Danmark\nSlagtet i: Danmark\nSkåret i: Danmark", "images": [{"small": "https://rema-product-images.digital.rema1000.dk/400101/1-small-ElPBrmljPk.webp", "medium": "https://rema-product-images.digital.rema1000.dk/400101/1-medium-ElPBrmljPk.webp", "large": "https://rema-product-images.digital.rema1000.dk/400101/1-large-ElPBrmljPk.webp"}], "prices": [{"price": 25, "price_over_max_quantity": null, "max_quantity": null, "is_advertised": false, "is_campaign": false, "starting_at": "2023-02-22T00:00:00+00:00", "ending_at": "2099-12-31T00:00:00+00:00", "deposit": null, "compare_unit": "kg", "compare_unit_price": 100, "consumption_unit": null, "consumption_quantity": null}], "temperature_zone": "refrigerated_5_degrees_celsius", "is_self_scale_item": false, "is_weight_item": false, "is_available_in_all_stores": false, "is_batch_item": false}
{"id": 400128, "name": "GRILLBØFFER MED KRYDDERIER", "underline": "300 GR. / REMA 1000", "age_limit": null, "hazard_precaution_statements": [], "labels": [{"id": 9001, "name": "Avisvare", "image": "https://static-assets.digital.rema1000.dk/product/labels/9001-64.webp"}, {"id": 70, "name": "Dansk", "image": "https://static-assets.digital.rema1000.dk/product/labels/70-64.webp"}], "description": null, "info": "", "images": [{"small": "https://rema-product-images.digital.rema1000.dk/400128/1-small-xyqalkdpoD.webp", "medium": "https://rema-product-images.digital.rema1000.dk/400128/1-medium-xyqalkdpoD.webp", "large": "https://rema-product-images.digital.rema1000.dk/400128/1-large-xyqalkdpoD.webp"}], "prices": [{"price": 35, "price_over_max_quantity": 44.95, "max_quantity": 6, "is_advertised": true, "is_campaign": true, "starting_at": "2025-08-17T00:00:00+00:00", "ending_at": "2025-08-23T00:00:00+00:00", "deposit": null, "compare_unit": "kg", "compare_unit_price": 116.67, "consumption_unit": null, "consumption_quantity": null}, {"price": 44.95, "price_over_max_quantity": null, "max_quantity": null, "is_advertised": false, "is_campaign": false, "starting_at": "2025-08-24T00:00:00+00:00", "ending_at": "2099-12-31T00:00:00+00:00", "deposit": null, "compare_unit": "kg", "compare_unit_price": 149.83, "consumption_unit": null, "consumption_quantity": null}], "temperature_zone": "refrigerated_5_degrees_celsius", "is_self_scale_item": false, "is_weight_item": false, "is_available_in_all_stores": true, "is_batch_item": false}
{"id": 400137, "name": "KALVE GRILLSTICKS", "underline": "280 GR. / REMA 1000", "age_limit": null, "hazard_precaution_statements": [], "labels": [{"id": 9001, "name": "Avisvare", "image": "https://static-assets.digital.rema1000.dk/product/labels/9001-64.webp"}, {"id": 70, "name": "Dansk", "image": "https://static-assets.digital.rema1000.dk/product/labels/70-64.webp"}, {"id": 202, "name": "Bedre dyrevelfærd 2", "image": "https://static-assets.digital.rema1000.dk/product/labels/202-64.webp"}], "description": null, "info": "", "images": [{"small": "https://rema-product-images.digital.rema1000.dk/400137/1-small-JzPJgVVnok.webp", "medium": "https://rema-product-images.digital.rema1000.dk/400137/1-medium-JzPJgVVnok.webp", "large": "https://rema-product-images.digital.rema1000.dk/400137/1-large-JzPJgVVnok.webp"}], "prices": [{"price": 35, "price_over_max_quantity": 39.95, "max_quantity": 6, "is_advertised": true, "is_campaign": true, "starting_at": "2025-08-17T00:00:00+00:00", "ending_at": "2025-08-23T00:00:00+00:00", "deposit": null, "compare_unit": "kg", "compare_unit_price": 125, "consumption_unit": null, "consumption_quantity": null}, {"price": 39.95, "price_over_max_quantity": null, "max_quantity": null, "is_advertised": false, "is_campaign": false, "starting_at": "2025-08-24T00:00:00+00:00", "ending_at": "2099-12-31T00:00:00+00:00", "deposit": null, "compare_unit": "kg", "compare_unit_price": 142.68, "consumption_unit": null, "consumption_quantity": null}], "temperature_zone": "refrigerated_5_degrees_celsius", "is_self_scale_item": false, "is_weight_item": false, "is_available_in_all_stores": true, "is_batch_item": false}
{"id": 400151, "name": "HAKKET KØDKVÆG 8-12%", "underline": "250 GR. / DANSK", "age_limit": null, "hazard_precaution_statements": [], "labels": [{"id": 70, "name": "Dansk", "image": "https://static-assets.digital.rema1000.dk/product/labels/70-64.webp"}], "description": null, "info": "Født i: Danmark\nOpvokset i: Danmark\nSlagtet i: Danmark\nSkåret i: Danmark", "images": [{"small": "https://rema-product-images.digital.rema1000.dk/400151/1-small-v09glkkEPA.webp", "medium": "https://rema-product-images.digital.rema1000.dk/400151/1-medium-v09glkkEPA.webp", "large": "https://rema-product-images.digital.rema1000.dk/400151/1-large-v09glkkEPA.webp"}], "prices": [{"price": 39.95, "price_over_max_quantity": null, "max_quantity": null, "is_advertised": false, "is_campaign": false, "starting_at": "2025-07-31T00:00:00+00:00", "ending_at": "2099-12-31T00:00:00+00:00", "deposit": null, "compare_unit": "kg", "compare_unit_price": 159.8, "consumption_unit": null, "consumption_quantity": null}], "temperature_zone": "refrigerated_5_degrees_celsius", "is_self_scale_item": false, "is_weight_item": false, "is_available_in_all_stores": true, "is_batch_item": false}
{"id": 400154, "name": "HK.OKSEKØD 8-12%", "underline": "400 GR. / DANISH CROWN", "age_limit": null, "hazard_precaution_statements": [], "labels": [{"id": 9001, "name": "Avisvare", "image": "https://static-assets.digital.rema1000.dk/product/labels/9001-64.webp"}], "description": null, "info": "", "images": [{"small": "https://rema-product-images.digital.rema1000.dk/400154/1-small-Al90zRRBo8.webp", "medium": "https://rema-product-images.digital.rema1000.dk/400154/1-medium-Al90zRRBo8.webp", "large": "https://rema-product-images.digital.rema1000.dk/400154/1-large-Al90zRRBo8.webp"}], "prices": [{"price": 49, "price_over_max_quantity": 58.95, "max_quantity": 6, "is_advertised": true, "is_campaign": true, "starting_at": "2025-08-17T00:00:00+00:00", "ending_at": "2025-08-23T00:00:00+00:00", "deposit": null, "compare_unit": "kg", "compare_unit_price": 122.5, "consumption_unit": null, "consumption_quantity": null}, {"price": 58.95, "price_over_max_quantity": null, "max_quantity": null, "is_advertised": false, "is_campaign": false, "starting_at": "2025-08-24T00:00:00+00:00", "ending_at": "2025-09-06T00:00:00+00:00", "deposit": null, "compare_unit": "kg", "compare_unit_price": 147.38, "consumption_unit": null, "consumption_quantity": null}], "temperature_zone": "refrigerated_5_degrees_celsius", "is_self_scale_item": false, "is_weight_item": false, "is_available_in_all_stores": true, "is_batch_item": true}
{"id": 400167, "name": "HK. OKSEKØD 4-7%", "underline": "350 GR. / REMA 1000", "age_limit": null, "hazard_precaution_statements": [], "labels": [{"id": 40, "name": "Nøglehul", "image": "https://static-assets.digital.rema1000.dk/product/labels/40-64.webp"}, {"id": 70, "name": "Dansk", "image": "https://static-assets.digital.rema1000.dk/product/labels/70-64.webp"}], "description": null, "info": "Født i: Danmark\nOpvokset i: Danmark\nSlagtet i: Danmark\nSkåret i: Danmark", "images": [{"small": "https://rema-product-images.digital.rema1000.dk/400167/1-small-MNqZKOOB9A.webp", "medium": "https://rema-product-images.digital.rema1000.dk/400167/1-medium-MNqZKOOB9A.webp", "large": "https://rema-product-images.digital.rema1000.dk/400167/1-large-MNqZKOOB9A.webp"}], "prices": [{"price": 58.95, "price_over_max_quantity": null, "max_quantity": null, "is_advertised": false, "is_campaign": false, "starting_at": "2025-07-31T00:00:00+00:00", "ending_at": "2025-08-23T00:00:00+00:00", "deposit": null, "compare_unit": "kg", "compare_unit_price": 168.43, "consumption_unit": null, "consumption_quantity": null}], "temperature_zone": "refrigerated_5_degrees_celsius", "is_self_scale_item": false, "is_weight_item": false, "is_available_in_all_stores": true, "is_batch_item": false}
{"id": 400171, "name": "HK. OKSEKØD 8-12%", "underline": "400 GR. / REMA 1000", "age_limit": null, "hazard_precaution_statements": [], "labels": [{"id": 9001, "name": "Avisvare", "image": "https://static-assets.digital.rema1000.dk/product/labels/9001-64.webp"}, {"id": 70, "name": "Dansk", "image": "https://static-assets.digital.rema1000.dk/product/labels/70-64.webp"}], "description": "Hakket dansk oksekød 8-12%", "info": "Født i: Danmark\nOpvokset i: Danmark\nSlagtet i: Danmark\nSkåret i: Danmark", "images": [{"small": "https://rema-product-images.digital.rema1000.dk/400171/1-small-OW9OXAAYPg.webp", "medium": "https://rema-product-images.digital.rema1000.dk/400171/1-medium-OW9OXAAYPg.webp", "large": "https://rema-product-images.digital.rema1000.dk/400171/1-large-OW9OXAAYPg.webp"}], "prices": [{"price": 49, "price_over_max_quantity": 58.95, "max_quantity": 6, "is_advertised": true, "is_campaign": true, "starting_at": "2025-08-17T00:00:00+00:00", "ending_at": "2025-08-23T00:00:00+00:00", "deposit": null, "compare_unit": "kg", "compare_unit_price": 122.5, "consumption_unit": null, "consumption_quantity": null}, {"price": 58.95, "price_over_max_quantity": null, "max_quantity": null, "is_advertised": false, "is_campaign": false, "starting_at": "2025-08-24T00:00:00+00:00", "ending_at": "2025-09-06T00:00:00+00:00", "deposit": null, "compare_unit": "kg", "compare_unit_price": 147.38, "consumption_unit": null, "consumption_quantity": null}], "temperature_zone": "refrigerated_5_degrees_celsius", "is_self_scale_item": false, "is_weight_item": false, "is_available_in_all_stores": true, "is_batch_item": false}
{"id": 400176, "name": "HK. OKSEKØD 15-18%", "underline": "400 GR. / REMA 1000", "age_limit": null, "hazard_precaution_statements": [], "labels": [{"id": 70, "name": "Dansk", "image": "https://static-assets.digital.rema1000.dk/product/labels/70-64.webp"}], "description": "Hakket dansk oksekød 15-18%. Den høje fedtprocent giver kødet masser af smag og er især velegent til de tilberedningsformer hvor en del fedt steges fra som fx hakkebøffer, burgerbøffer m.m.", "info": "Født i: Danmark\nOpvokset i: Danmark\nSlagtet i: Danmark\nSkåret i: Danmark", "images": [{"small": "https://rema-product-images.digital.rema1000.dk/400176/1-small-nDPWVddk9W.webp", "medium": "https://rema-product-images.digital.rema1000.dk/400176/1-medium-nDPWVddk9W.webp", "large": "https://rema-product-images.digital.rema1000.dk/400176/1-large-nDPWVddk9W.webp"}], "prices": [{"price": 54.95, "price_over_max_quantity": null, "max_quantity": null, "is_advertised": false, "is_campaign": false, "starting_at": "2025-06-26T00:00:00+00:00", "ending_at": "2025-08-30T00:00:00+00:00", "deposit": null, "compare_unit": "kg", "compare_unit_price": 137.38, "consumption_unit": null, "consumption_quantity": null}], "temperature_zone": "refrigerated_5_degrees_celsius", "is_self_scale_item": false, "is_weight_item": false, "is_available_in_all_stores": true, "is_batch_item": false}
{"id": 400180, "name": "HK. OKSE 8-12%", "underline": "400 GR. / FRILAND, ØKOLOGISK", "age_limit": null, "hazard_precaution_statements": [], "labels": [{"id": 6, "name": "Økologi", "image": "https://static-assets.digital.rema1000.dk/product/labels/6-64.webp"}, {"id": 70, "name": "Dansk", "image": "https://static-assets.digital.rema1000.dk/product/labels/70-64.webp"}, {"id": 202, "name": "Bedre dyrevelfærd 2", "image": "https://static-assets.digital.rema1000.dk/product/labels/202-64.webp"}], "description": "Friland hakket dansk økologisk oksekød 8-12%", "info": "Født i: Danmark\nOpvokset i: Danmark\nSlagtet i: Danmark\nSkåret i: Danmark", "images": [{"small": "https://rema-product-images.digital.rema1000.dk/400180/1-small-7doLrbkj96.webp", "medium": "https://rema-product-images.digital.rema1000.dk/400180/1-medium-7doLrbkj96.webp", "large": "https://rema-product-images.digital.rema1000.dk/400180/1-large-7doLrbkj96.webp"}], "prices": [{"price": 68.95, "price_over_max_quantity": null, "max_quantity": null, "is_advertised": false, "is_campaign": false, "starting_at": "2025-07-31T00:00:00+00:00", "ending_at": "2025-09-13T00:00:00+00:00", "deposit": null, "compare_unit": "kg", "compare_unit_price": 172.38, "consumption_unit": null, "consumption_quantity": null}], "temperature_zone": "refrigerated_5_degrees_celsius", "is_self_scale_item": false, "is_weight_item": false, "is_available_in_all_stores": true, "is_batch_item": false}
{"id": 400183, "name": "HK. BØFFER M/BACON", "underline": "250 GR. / RET NEMT", "age_limit": null, "hazard_precaution_statements": [], "labels": [{"id": 70, "name": "Dansk", "image": "https://static-assets.digital.rema1000.dk/product/labels/70-64.webp"}], "description": "<b>Discount med holdning</b><br />I REMA 1000 har vi fokus på kvalitet til lave priser og overskriften på vores arbejde er Discount med holdning.<br /> <br />Vi har en klar holdning til alle de varer, vi sælger. Vi stiller ikke kun krav til kvaliteten af vores egne mærkevarer – det er også vigtigt for os, at emballagerne er designet til genanvendelse, at indholdet er uden problematiske stoffer, og at varerne er produceret ansvarligt samt mærket med tydelige og valide certificeringer.<br /> <br /><b>Om denne vare</b><br />REMA 1000 Hakkebøffer med bacon er nem, fersk og smagfuld aftensmad - lige til at lægge på panden eller grillen. Hakkebøfferne er af hakket oksekød med bøgerøget bacon - lækkert og nemt som hakkebøf til nye kartofler og en sprød salat - eller til hjemmelavede burgere.<br /><br /><b>Tilberedning</b><br />Bøfferne krydres, og steges på en pande eller grill i 4-6 min. på hver side.", "info": "Født i: Danmark\nOpvokset i: Danmark\nSlagtet i: Danmark\nSkåret i: Danmark", "images": [{"small": "https://rema-product-images.digital.rema1000.dk/400183/1-small-zOPlyk6moR.webp", "medium": "https://rema-product-images.digital.rema1000.dk/400183/1-medium-zOPlyk6moR.webp", "large": "https://rema-product-images.digital.rema1000.dk/400183/1-large-zOPlyk6moR.webp"}], "prices": [{"price": 35.95, "price_over_max_quantity": null, "max_quantity": null, "is_advertised": false, "is_campaign": false, "starting_at": "2025-06-26T00:00:00+00:00", "ending_at": "2025-08-23T00:00:00+00:00", "deposit": null, "compare_unit": "kg", "compare_unit_price": 143.8, "consumption_unit": null, "consumption_quantity": null}], "temperature_zone": "refrigerated_5_degrees_celsius", "is_self_scale_item": false, "is_weight_item": false, "is_available_in_all_stores": true, "is_batch_item": false}
{"id": 400186, "name": "BURGERBOOST", "underline": "350 GR. / DANISH CROWN", "age_limit": null, "hazard_precaution_statements": [], "labels": [{"id": 9001, "name": "Avisvare", "image": "https://static-assets.digital.rema1000.dk/product/labels/9001-64.webp"}], "description": null, "info": "Født i: Danmark\nOpvokset i: Danmark\nSlagtet i: Danmark\nSkåret i: Danmark", "images": [{"small": "https://rema-product-images.digital.rema1000.dk/400186/1-small-A4Py3kjAqL.webp", "medium": "https://rema-product-images.digital.rema1000.dk/400186/1-medium-A4Py3kjAqL.webp", "large": "https://rema-product-images.digital.rema1000.dk/400186/1-large-A4Py3kjAqL.webp"}], "prices": [{"price": 35, "price_over_max_quantity": 49.95, "max_quantity": 6, "is_advertised": true, "is_campaign": true, "starting_at": "2025-08-17T00:00:00+00:00", "ending_at": "2025-08-23T00:00:00+00:00", "deposit": null, "compare_unit": "kg", "compare_unit_price": 100, "consumption_unit": null, "consumption_quantity": null}, {"price": 49.95, "price_over_max_quantity": null, "max_quantity": null, "is_advertised": false, "is_campaign": false, "starting_at": "2025-08-24T00:00:00+00:00", "ending_at": "2099-12-31T00:00:00+00:00", "deposit": null, "compare_unit": "kg", "compare_unit_price": 142.71, "consumption_unit": null, "consumption_quantity": null}], "temperature_zone": "refrigerated_5_degrees_celsius", "is_self_scale_item": false, "is_weight_item": false, "is_available_in_all_stores": false, "is_batch_item": false}
{"id": 400191, "name": "RIB EYE", "underline": "1.35 KG. / REMA 1000, UNGKVÆG", "age_limit": null, "hazard_precaution_statements": [], "labels": [{"id": 70, "name": "Dansk", "image": "https://static-assets.digital.rema1000.dk/product/labels/70-64.webp"}], "description": "SMAGFULD Ribeye af Dansk Ungkvæg. Ribeye er den mest fedtmarmorerede og dermed smagfulde del af fileten, så afgjort et at de bedste danske stykker kød i REMA 1000. Velegnet til helstegning elle udskæring i store herrebøffer! Dansk Ungkvæg er danske dyr på maximalt 24 måneder, det sikrer en mør og lækker oplevelse hver gang!", "info": "Født i: Danmark\nOpvokset i: Danmark\nSlagtet i: Danmark\nSkåret i: Danmark", "images": [{"small": "https://rema-product-images.digital.rema1000.dk/400191/1-small-3MoMLvklP5.webp", "medium": "https://rema-product-images.digital.rema1000.dk/400191/1-medium-3MoMLvklP5.webp", "large": "https://rema-product-images.digital.rema1000.dk/400191/1-large-3MoMLvklP5.webp"}], "prices": [{"price": 404.87, "price_over_max_quantity": null, "max_quantity": null, "is_advertised": false, "is_campaign": false, "starting_at": "2025-05-22T00:00:00+00:00", "ending_at": "2025-08-27T00:00:00+00:00", "deposit": null, "compare_unit": "kg", "compare_unit_price": 299.9, "consumption_unit": null, "consumption_quantity": null}], "temperature_zone": "refrigerated_5_degrees_celsius", "is_self_scale_item": false, "is_weight_item": true, "is_available_in_all_stores": true, "is_batch_item": false}
{"id": 400393, "name": "ØKO HØJREBSBØFFER", "underline": "350 GR. / FRILAND", "age_limit": null, "hazard_precaution_statements": [], "labels": [{"id": 5, "name": "Økologi", "image": "https://static-assets.digital.rema1000.dk/product/labels/5-64.webp"}, {"id": 6, "name": "Økologi", "image": "https://static-assets.digital.rema1000.dk/product/labels/6-64.webp"}, {"id": 70, "name": "Dansk", "image": "https://static-assets.digital.rema1000.dk/product/labels/70-64.webp"}, {"id": 202, "name": "Bedre dyrevelfærd 2", "image": "https://static-assets.digital.rema1000.dk/product/labels/202-64.webp"}], "description": null, "info": "Født i: Danmark\nOpvokset i: Danmark\nSlagtet i: Danmark\nSkåret i: Danmark", "images": [{"small": "https://rema-product-images.digital.rema1000.dk/400393/1-small-xQq8WZjnoZ.webp", "medium": "https://rema-product-images.digital.rema1000.dk/400393/1-medium-xQq8WZjnoZ.webp", "large": "https://rema-product-images.digital.rema1000.dk/400393/1-large-xQq8WZjnoZ.webp"}], "prices": [{"price": 115, "price_over_max_quantity": null, "max_quantity": null, "is_advertised": false, "is_campaign": false, "starting_at": "2025-05-26T00:00:00+00:00", "ending_at": "2099-12-31T00:00:00+00:00", "deposit": null, "compare_unit": "kg", "compare_unit_price": 328.57, "consumption_unit": null, "consumption_quantity": null}], "temperature_zone": "refrigerated_5_degrees_celsius", "is_self_scale_item": false, "is_weight_item": false, "is_available_in_all_stores": false, "is_batch_item": false}
{"id": 400466, "name": "HK. OKSEKØD, 35% GRØNT", "underline": "400 GR. / REMA 1000", "age_limit": null, "hazard_precaution_statements": [], "labels": [], "description": null, "info": "Født i: Danmark\nOpvokset i: Danmark\nSlagtet i: Danmark\nSkåret i: Danmark", "images": [{"small": "https://rema-product-images.digital.rema1000.dk/400466/1-small-pyozbk2AoX.webp", "medium": "https://rema-product-images.digital.rema1000.dk/400466/1-medium-pyozbk2AoX.webp", "large": "https://rema-product-images.digital.rema1000.dk/400466/1-large-pyozbk2AoX.webp"}], "prices": [{"price": 39.95, "price_over_max_quantity": null, "max_quantity": null, "is_advertised": false, "is_campaign": false, "starting_at": "2025-06-26T00:00:00+00:00", "ending_at": "2025-08-23T00:00:00+00:00", "deposit": null, "compare_unit": "kg", "compare_unit_price": 99.88, "consumption_unit": null, "consumption_quantity": null}], "temperature_zone": "refrigerated_5_degrees_celsius", "is_self_scale_item": false, "is_weight_item": false, "is_available_in_all_stores": true, "is_batch_item": false}
{"id": 400467, "name": "HK. OKSEKØD, 50% GRØNT", "underline": "400 GR. / REMA 1000", "age_limit": null, "hazard_precaution_statements": [], "labels": [], "description": null, "info": "Født i: Danmark\nOpvokset i: Danmark\nSlagtet i: Danmark\nSkåret i: Danmark", "images": [{"small": "https://rema-product-images.digital.rema1000.dk/400467/1-small-MNqZKOL19A.webp", "medium": "https://rema-product-images.digital.rema1000.dk/400467/1-medium-MNqZKOL19A.webp", "large": "https://rema-product-images.digital.rema1000.dk/400467/1-large-MNqZKOL19A.webp"}], "prices": [{"price": 39.95, "price_over_max_quantity": null, "max_quantity": null, "is_advertised": false, "is_campaign": false, "starting_at": "2025-07-31T00:00:00+00:00", "ending_at": "2099-12-31T00:00:00+00:00", "deposit": null, "compare_unit": "kg", "compare_unit_price": 99.88, "consumption_unit": null, "consumption_quantity": null}], "temperature_zone": "refrigerated_5_degrees_celsius", "is_self_scale_item": false, "is_weight_item": false, "is_available_in_all_stores": true, "is_batch_item": false}
{"id": 400546, "name": "HK. GRISEKØD 8-12%", "underline": "500 GR. / DANSK GRIS", "age_limit": null, "hazard_precaution_statements": [], "labels": [{"id": 9001, "name": "Avisvare", "image": "https://static-assets.digital.rema1000.dk/product/labels/9001-64.webp"}, {"id": 70, "name": "Dansk", "image": "https://static-assets.digital.rema1000.dk/product/labels/70-64.webp"}], "description": "Hakket dansk svinekød 8-12%", "info": "Født i: Danmark\nOpvokset i: Danmark\nSlagtet i: Danmark\nSkåret i: Danmark", "images": [{"small": "https://rema-product-images.digital.rema1000.dk/400546/1-small-kAonrEnGox.webp", "medium": "https://rema-product-images.digital.rema1000.dk/400546/1-medium-kAonrEnGox.webp", "large": "https://rema-product-images.digital.rema1000.dk/400546/1-large-kAonrEnGox.webp"}], "prices": [{"price": 25, "price_over_max_quantity": 37.95, "max_quantity": 6, "is_advertised": true, "is_campaign": true, "starting_at": "2025-08-17T00:00:00+00:00", "ending_at": "2025-08-23T00:00:00+00:00", "deposit": null, "compare_unit": "kg", "compare_unit_price": 50, "consumption_unit": null, "consumption_quantity": null}, {"price": 37.95, "price_over_max_quantity": null, "max_quantity": null, "is_advertised": false, "is_campaign": false, "starting_at": "2025-08-24T00:00:00+00:00", "ending_at": "2025-09-06T00:00:00+00:00", "deposit": null, "compare_unit": "kg", "compare_unit_price": 75.9, "consumption_unit": null, "consumption_quantity": null}], "temperature_zone": "refrigerated_5_degrees_celsius", "is_self_scale_item": false, "is_weight_item": false, "is_available_in_all_stores": true, "is_batch_item": false}
{"id": 400552, "name": "HK. GRIS & KALV 8-12%", "underline": "500 GR. / DANSK", "age_limit": null, "hazard_precaution_statements": [], "labels": [{"id": 70, "name": "Dansk", "image": "https://static-assets.digital.rema1000.dk/product/labels/70-64.webp"}], "description": "Hakket dansk svine- og kalvekød 8-12%", "info": "Født i: Danmark\nOpvokset i: Danmark\nSlagtet i: Danmark\nSkåret i: Danmark", "images": [{"small": "https://rema-product-images.digital.rema1000.dk/400552/1-small-NpP70z1XoO.webp", "medium": "https://rema-product-images.digital.rema1000.dk/400552/1-medium-NpP70z1XoO.webp", "large": "https://rema-product-images.digital.rema1000.dk/400552/1-large-NpP70z1XoO.webp"}], "prices": [{"price": 44.95, "price_over_max_quantity": null, "max_quantity": null, "is_advertised": false, "is_campaign": false, "starting_at": "2025-05-15T00:00:00+00:00", "ending_at": "2025-08-30T00:00:00+00:00", "deposit": null, "compare_unit": "kg", "compare_unit_price": 89.9, "consumption_unit": null, "consumption_quantity": null}], "temperature_zone": "refrigerated_5_degrees_celsius", "is_self_scale_item": false, "is_weight_item": false, "is_available_in_all_stores": true, "is_batch_item": false}
{"id": 400554, "name": "HK. GRIS & KALV 4-7%", "underline": "400 GR. / DANSK", "age_limit": null, "hazard_precaution_statements": [], "labels": [{"id": 40, "name": "Nøglehul", "image": "https://static-assets.digital.rema1000.dk/product/labels/40-64.webp"}, {"id": 70, "name": "Dansk", "image": "https://static-assets.digital.rema1000.dk/product/labels/70-64.webp"}], "description": null, "info": "Født i: Danmark\nOpvokset i: Danmark\nSlagtet i: Danmark\nSkåret i: Danmark", "images": [{"small": "https://rema-product-images.digital.rema1000.dk/400554/1-small-Al90zR47o8.webp", "medium": "https://rema-product-images.digital.rema1000.dk/400554/1-medium-Al90zR47o8.webp", "large": "https://rema-product-images.digital.rema1000.dk/400554/1-large-Al90zR47o8.webp"}], "prices": [{"price": 42.95, "price_over_max_quantity": null, "max_quantity": null, "is_advertised": false, "is_campaign": false, "starting_at": "2025-05-01T00:00:00+00:00", "ending_at": "2025-08-23T00:00:00+00:00", "deposit": null, "compare_unit": "kg", "compare_unit_price": 107.38, "consumption_unit": null, "consumption_quantity": null}], "temperature_zone": "refrigerated_5_degrees_celsius", "is_self_scale_item": false, "is_weight_item": false, "is_available_in_all_stores": true, "is_batch_item": false}
{"id": 400556, "name": "ØKO HK. GRISEKØD 8-12%", "underline": "350 GR. / FRILAND", "age_limit": null, "hazard_precaution_statements": [], "labels": [{"id": 6, "name": "Økologi", "image": "https://static-assets.digital.rema1000.dk/product/labels/6-64.webp"}, {"id": 70, "name": "Dansk", "image": "https://static-assets.digital.rema1000.dk/product/labels/70-64.webp"}, {"id": 190, "name": "Anbefalet af Dyrenes Beskyttelse", "image": "https://static-assets.digital.rema1000.dk/product/labels/190-64.webp"}, {"id": 203, "name": "Bedre dyrevelfærd 3", "image": "https://static-assets.digital.rema1000.dk/product/labels/203-64.webp"}], "description": null, "info": "Født i: Danmark\nOpvokset i: Danmark\nSlagtet i: Danmark\nSkåret i: Danmark", "images": [{"small": "https://rema-product-images.digital.rema1000.dk/400556/1-small-18oXK16EPk.webp", "medium": "https://rema-product-images.digital.rema1000.dk/400556/1-medium-18oXK16EPk.webp", "large": "https://rema-product-images.digital.rema1000.dk/400556/1-large-18oXK16EPk.webp"}], "prices": [{"price": 49.95, "price_over_max_quantity": null, "max_quantity": null, "is_advertised": false, "is_campaign": false, "starting_at": "2025-05-22T00:00:00+00:00", "ending_at": "2099-12-31T00:00:00+00:00", "deposit": null, "compare_unit": "kg", "compare_unit_price": 142.71, "consumption_unit": null, "consumption_quantity": null}], "temperature_zone": "refrigerated_5_degrees_celsius", "is_self_scale_item": false, "is_weight_item": false, "is_available_in_all_stores": false, "is_batch_item": false}
{"id": 400567, "name": "ØKO HK. GRIS &  OKSE", "underline": "350 GR. / FRILAND - DANSK", "age_limit": null, "hazard_precaution_statements": [], "labels": [{"id": 6, "name": "Økologi", "image": "https://static-assets.digital.rema1000.dk/product/labels/6-64.webp"}, {"id": 70, "name": "Dansk", "image": "https://static-assets.digital.rema1000.dk/product/labels/70-64.webp"}, {"id": 202, "name": "Bedre dyrevelfærd 2", "image": "https://static-assets.digital.rema1000.dk/product/labels/202-64.webp"}], "description": "Friland økologisk dansk okse- og svinekød 8-12%. (Da der ikke slagtes økologiske kalve, så er dette produkt den økologiske \"kalv- og svinekød\")", "info": "Født i: Danmark\nOpvokset i: Danmark\nSlagtet i: Danmark\nSkåret i: Danmark", "images": [{"small": "https://rema-product-images.digital.rema1000.dk/400567/1-small-MNqZKOYW9A.webp", "medium": "https://rema-product-images.digital.rema1000.dk/400567/1-medium-MNqZKOYW9A.webp", "large": "https://rema-product-images.digital.rema1000.dk/400567/1-large-MNqZKOYW9A.webp"}], "prices": [{"price": 49.95, "price_over_max_quantity": null, "max_quantity": null, "is_advertised": false, "is_campaign": false, "starting_at": "2025-05-01T00:00:00+00:00", "ending_at": "2099-12-31T00:00:00+00:00", "deposit": null, "compare_unit": "kg", "compare_unit_price": 142.71, "consumption_unit": null, "consumption_quantity": null}], "temperature_zone": "refrigerated_5_degrees_celsius", "is_self_scale_item": false, "is_weight_item": false, "is_available_in_all_stores": false, "is_batch_item": false}
{"id": 400569, "name": "ØKO KOTELETTER", "underline": "300 GR. / FRILAND, DANSK", "age_limit": null, "hazard_precaution_statements": [], "labels": [{"id": 6, "name": "Økologi", "image": "https://static-assets.digital.rema1000.dk/product/labels/6-64.webp"}, {"id": 40, "name": "Nøglehul", "image": "https://static-assets.digital.rema1000.dk/product/labels/40-64.webp"}, {"id": 70, "name": "Dansk", "image": "https://static-assets.digital.rema1000.dk/product/labels/70-64.webp"}, {"id": 190, "name": "Anbefalet af Dyrenes Beskyttelse", "image": "https://static-assets.digital.rema1000.dk/product/labels/190-64.webp"}, {"id": 203, "name": "Bedre dyrevelfærd 3", "image": "https://static-assets.digital.rema1000.dk/product/labels/203-64.webp"}], "description": null, "info": "Født i: Danmark\nOpvokset i: Danmark\nSlagtet i: Danmark\nSkåret i: Danmark", "images": [{"small": "https://rema-product-images.digital.rema1000.dk/400569/1-small-Ea910A6Wqz.webp", "medium": "https://rema-product-images.digital.rema1000.dk/400569/1-medium-Ea910A6Wqz.webp", "large": "https://rema-product-images.digital.rema1000.dk/400569/1-large-Ea910A6Wqz.webp"}], "prices": [{"price": 44.95, "price_over_max_quantity": null, "max_quantity": null, "is_advertised": false, "is_campaign": false, "starting_at": "2025-05-01T00:00:00+00:00", "ending_at": "2099-12-31T00:00:00+00:00", "deposit": null, "compare_unit": "kg", "compare_unit_price": 149.83, "consumption_unit": null, "consumption_quantity": null}], "temperature_zone": "refrigerated_5_degrees_celsius", "is_self_scale_item": false, "is_weight_item": false, "is_available_in_all_stores": false, "is_batch_item": false}
{"id": 400585, "name": "MARMORERET GRILLFILET", "underline": "400 GR. / REMA 1000, SMOKEY BBQ", "age_limit": null, "hazard_precaution_statements": [], "labels": [{"id": 9001, "name": "Avisvare", "image": "https://static-assets.digital.rema1000.dk/product/labels/9001-64.webp"}, {"id": 70, "name": "Dansk", "image": "https://static-assets.digital.rema1000.dk/product/labels/70-64.webp"}], "description": null, "info": "Født i: Danmark\nOpvokset i: Danmark\nSlagtet i: Danmark\nSkåret i: Danmark", "images": [{"small": "https://rema-product-images.digital.rema1000.dk/400585/1-small-we9Earp69g.webp", "medium": "https://rema-product-images.digital.rema1000.dk/400585/1-medium-we9Earp69g.webp", "large": "https://rema-product-images.digital.rema1000.dk/400585/1-large-we9Earp69g.webp"}], "prices": [{"price": 35, "price_over_max_quantity": 39.95, "max_quantity": 6, "is_advertised": true, "is_campaign": true, "starting_at": "2025-08-17T00:00:00+00:00", "ending_at": "2025-08-23T00:00:00+00:00", "deposit": null, "compare_unit": "kg", "compare_unit_price": 87.5, "consumption_unit": null, "consumption_quantity": null}, {"price": 39.95, "price_over_max_quantity": null, "max_quantity": null, "is_advertised": false, "is_campaign": false, "starting_at": "2025-08-24T00:00:00+00:00", "ending_at": "2099-12-31T00:00:00+00:00", "deposit": null, "compare_unit": "kg", "compare_unit_price": 99.88, "consumption_unit": null, "consumption_quantity": null}], "temperature_zone": "refrigerated_5_degrees_celsius", "is_self_scale_item": false, "is_weight_item": false, "is_available_in_all_stores": true, "is_batch_item": false}
{"id": 400592, "name": "GRILLFILET MED BBQ", "underline": "800 GR. / REMA 1000, DANSK", "age_limit": null, "hazard_precaution_statements": [], "labels": [{"id": 70, "name": "Dansk", "image": "https://static-assets.digital.rema1000.dk/product/labels/70-64.webp"}], "description": null, "info": "Født i: Danmark\nOpvokset i: Danmark\nSlagtet i: Danmark\nSkåret i: Danmark", "images": [{"small": "https://rema-product-images.digital.rema1000.dk/400592/1-small-OJq5vmBX9p.webp", "medium": "https://rema-product-images.digital.rema1000.dk/400592/1-medium-OJq5vmBX9p.webp", "large": "https://rema-product-images.digital.rema1000.dk/400592/1-large-OJq5vmBX9p.webp"}], "prices": [{"price": 59, "price_over_max_quantity": null, "max_quantity": null, "is_advertised": false, "is_campaign": false, "starting_at": "2024-04-01T00:00:00+00:00", "ending_at": "2025-09-13T00:00:00+00:00", "deposit": null, "compare_unit": "kg", "compare_unit_price": 73.75, "consumption_unit": null, "consumption_quantity": null}], "temperature_zone": "refrigerated_5_degrees_celsius", "is_self_scale_item": false, "is_weight_item": false, "is_available_in_all_stores": true, "is_batch_item": false}
{"id": 400600, "name": "FILET ALA MØRBRAD", "underline": "400 GR. / 400-600 G. ARTISKOK & HVIDLØG", "age_limit": null, "hazard_precaution_statements": [], "labels": [{"id": 9001, "name": "Avisvare", "image": "https://static-assets.digital.rema1000.dk/product/labels/9001-64.webp"}, {"id": 40, "name": "Nøglehul", "image": "https://static-assets.digital.rema1000.dk/product/labels/40-64.webp"}, {"id": 70, "name": "Dansk", "image": "https://static-assets.digital.rema1000.dk/product/labels/70-64.webp"}], "description": "Dansk svinefilet med artiskok og hvidløg - en mager og lækker svinefilet.", "info": "", "images": [{"small": "https://rema-product-images.digital.rema1000.dk/400600/1-small-xePwxNOeow.webp", "medium": "https://rema-product-images.digital.rema1000.dk/400600/1-medium-xePwxNOeow.webp", "large": "https://rema-product-images.digital.rema1000.dk/400600/1-large-xePwxNOeow.webp"}], "prices": [{"price": 35, "price_over_max_quantity": 44.95, "max_quantity": 6, "is_advertised": true, "is_campaign": true, "starting_at": "2025-08-17T00:00:00+00:00", "ending_at": "2025-08-23T00:00:00+00:00", "deposit": null, "compare_unit": "kg", "compare_unit_price": 87.5, "consumption_unit": null, "consumption_quantity": null}, {"price": 44.95, "price_over_max_quantity": null, "max_quantity": null, "is_advertised": false, "is_campaign": false, "starting_at": "2025-08-24T00:00:00+00:00", "ending_at": "2025-09-06T00:00:00+00:00", "deposit": null, "compare_unit": "kg", "compare_unit_price": 112.38, "consumption_unit": null, "consumption_quantity": null}], "temperature_zone": "refrigerated_5_degrees_celsius", "is_self_scale_item": false, "is_weight_item": false, "is_available_in_all_stores": true, "is_batch_item": false}
{"id": 400610, "name": "GRISEMØRBRAD", "underline": "0.6 KG. / DANSK GRIS", "age_limit": null, "hazard_precaution_statements": [], "labels": [{"id": 40, "name": "Nøglehul", "image": "https://static-assets.digital.rema1000.dk/product/labels/40-64.webp"}, {"id": 70, "name": "Dansk", "image": "https://static-assets.digital.rema1000.dk/product/labels/70-64.webp"}], "description": "Dansk svinemørbrad - velgenet til mørbradgryde, mørbrad i fad, fyldt mørbrad evt. indpakket i bacon eller indbagt i butterdej.", "info": "Født i: Danmark\nOpvokset i: Danmark\nSlagtet i: Danmark\nSkåret i: Danmark", "images": [{"small": "https://rema-product-images.digital.rema1000.dk/400610/1-small-Al90zRLwo8.webp", "medium": "https://rema-product-images.digital.rema1000.dk/400610/1-medium-Al90zRLwo8.webp", "large": "https://rema-product-images.digital.rema1000.dk/400610/1-large-Al90zRLwo8.webp"}], "prices": [{"price": 59.94, "price_over_max_quantity": null, "max_quantity": null, "is_advertised": false, "is_campaign": false, "starting_at": "2023-03-30T00:00:00+00:00", "ending_at": "2025-08-30T00:00:00+00:00", "deposit": null, "compare_unit": "kg", "compare_unit_price": 99.9, "consumption_unit": null, "consumption_quantity": null}], "temperature_zone": "refrigerated_5_degrees_celsius", "is_self_scale_item": false, "is_weight_item": true, "is_available_in_all_stores": true, "is_batch_item": false}
{"id": 400711, "name": "STEGEFLÆSK I SKIVER", "underline": "400 GR. / DANSK", "age_limit": null, "hazard_precaution_statements": [], "labels": [{"id": 70, "name": "Dansk", "image": "https://static-assets.digital.rema1000.dk/product/labels/70-64.webp"}], "description": "SMAGFULD Dansk svinebryst i skiver - velgenet til danskernes nationalret stegt flæsk eller til æggekage, æbleflæsk eller en god mos af årstidens rodfrugter.", "info": "Født i: Danmark\nOpvokset i: Danmark\nSlagtet i: Danmark\nSkåret i: Danmark", "images": [{"small": "https://rema-product-images.digital.rema1000.dk/400711/1-small-A5qV8ZwyPa.webp", "medium": "https://rema-product-images.digital.rema1000.dk/400711/1-medium-A5qV8ZwyPa.webp", "large": "https://rema-product-images.digital.rema1000.dk/400711/1-large-A5qV8ZwyPa.webp"}], "prices": [{"price": 42.95, "price_over_max_quantity": null, "max_quantity": null, "is_advertised": false, "is_campaign": false, "starting_at": "2025-05-01T00:00:00+00:00", "ending_at": "2025-09-06T00:00:00+00:00", "deposit": null, "compare_unit": "kg", "compare_unit_price": 107.38, "consumption_unit": null, "consumption_quantity": null}], "temperature_zone": "refrigerated_5_degrees_celsius", "is_self_scale_item": false, "is_weight_item": false, "is_available_in_all_stores": true, "is_batch_item": false}
{"id": 400717, "name": "KOTELETTER", "underline": "400 GR. / DANSKE", "age_limit": null, "hazard_precaution_statements": [], "labels": [{"id": 70, "name": "Dansk", "image": "https://static-assets.digital.rema1000.dk/product/labels/70-64.webp"}], "description": null, "info": "Født i: Danmark\nOpvokset i: Danmark\nSlagtet i: Danmark\nSkåret i: Danmark", "images": [{"small": "https://rema-product-images.digital.rema1000.dk/400717/1-small-Z8qp7kKyo3.webp", "medium": "https://rema-product-images.digital.rema1000.dk/400717/1-medium-Z8qp7kKyo3.webp", "large": "https://rema-product-images.digital.rema1000.dk/400717/1-large-Z8qp7kKyo3.webp"}], "prices": [{"price": 39.95, "price_over_max_quantity": null, "max_quantity": null, "is_advertised": false, "is_campaign": false, "starting_at": "2025-05-15T00:00:00+00:00", "ending_at": "2025-09-06T00:00:00+00:00", "deposit": null, "compare_unit": "kg", "compare_unit_price": 99.88, "consumption_unit": null, "consumption_quantity": null}], "temperature_zone": "refrigerated_5_degrees_celsius", "is_self_scale_item": false, "is_weight_item": false, "is_available_in_all_stores": true, "is_batch_item": false}
{"id": 400719, "name": "ØKO. GRILLMEDISTER", "underline": "350 GR. / FRILAND - DANSK", "age_limit": null, "hazard_precaution_statements": [], "labels": [{"id": 6, "name": "Økologi", "image": "https://static-assets.digital.rema1000.dk/product/labels/6-64.webp"}, {"id": 70, "name": "Dansk", "image": "https://static-assets.digital.rema1000.dk/product/labels/70-64.webp"}, {"id": 190, "name": "Anbefalet af Dyrenes Beskyttelse", "image": "https://static-assets.digital.rema1000.dk/product/labels/190-64.webp"}, {"id": 203, "name": "Bedre dyrevelfærd 3", "image": "https://static-assets.digital.rema1000.dk/product/labels/203-64.webp"}], "description": "Skal anvendes samme dag som emballagen brydes. Steg pølen på en pande i 1 spsk. olie og 1/2 spsk. smør ved moderat varme i ca. 4-5 min. på hver side. Tagpølsen af panden og lad den hvile i ca. 1 min. før servering", "info": "", "images": [{"small": "https://rema-product-images.digital.rema1000.dk/400719/1-small-rDq6pYz6Pb.webp", "medium": "https://rema-product-images.digital.rema1000.dk/400719/1-medium-rDq6pYz6Pb.webp", "large": "https://rema-product-images.digital.rema1000.dk/400719/1-large-rDq6pYz6Pb.webp"}], "prices": [{"price": 44.95, "price_over_max_quantity": null, "max_quantity": null, "is_advertised": false, "is_campaign": false, "starting_at": "2025-05-01T00:00:00+00:00", "ending_at": "2099-12-31T00:00:00+00:00", "deposit": null, "compare_unit": "kg", "compare_unit_price": 128.43, "consumption_unit": null, "consumption_quantity": null}], "temperature_zone": "refrigerated_5_degrees_celsius", "is_self_scale_item": false, "is_weight_item": false, "is_available_in_all_stores": false, "is_batch_item": false}
{"id": 400726, "name": "MEDISTER", "underline": "500 GR. / DANSK GRIS", "age_limit": null, "hazard_precaution_statements": [], "labels": [{"id": 9001, "name": "Avisvare", "image": "https://static-assets.digital.rema1000.dk/product/labels/9001-64.webp"}, {"id": 70, "name": "Dansk", "image": "https://static-assets.digital.rema1000.dk/product/labels/70-64.webp"}], "description": "Dansk medisterpølse, som tidligere er kåret til bedst i test.", "info": "Født i: Danmark\nOpvokset i: Danmark\nSlagtet i: Danmark\nSkåret i: Danmark", "images": [{"small": "https://rema-product-images.digital.rema1000.dk/400726/1-small-kOq3r4A5o6.webp", "medium": "https://rema-product-images.digital.rema1000.dk/400726/1-medium-kOq3r4A5o6.webp", "large": "https://rema-product-images.digital.rema1000.dk/400726/1-large-kOq3r4A5o6.webp"}], "prices": [{"price": 25, "price_over_max_quantity": 34.95, "max_quantity": 6, "is_advertised": true, "is_campaign": true, "starting_at": "2025-08-17T00:00:00+00:00", "ending_at": "2025-08-23T00:00:00+00:00", "deposit": null, "compare_unit": "kg", "compare_unit_price": 50, "consumption_unit": null, "consumption_quantity": null}, {"price": 34.95, "price_over_max_quantity": null, "max_quantity": null, "is_advertised": false, "is_campaign": false, "starting_at": "2025-08-24T00:00:00+00:00", "ending_at": "2025-09-06T00:00:00+00:00", "deposit": null, "compare_unit": "kg", "compare_unit_price": 69.9, "consumption_unit": null, "consumption_quantity": null}], "temperature_zone": "refrigerated_5_degrees_celsius", "is_self_scale_item": false, "is_weight_item": false, "is_available_in_all_stores": true, "is_batch_item": false}
{"id": 400902, "name": "GRILLSTICKS MED BACON", "underline": "360 GR. / REMA 1000", "age_limit": null, "hazard_precaution_statements": [], "labels": [{"id": 9001, "name": "Avisvare", "image": "https://static-assets.digital.rema1000.dk/product/labels/9001-64.webp"}, {"id": 70, "name": "Dansk", "image": "https://static-assets.digital.rema1000.dk/product/labels/70-64.webp"}], "description": null, "info": "Født i: Danmark\nOpvokset i: Danmark\nSlagtet i: Danmark\nSkåret i: Danmark", "images": [{"small": "https://rema-product-images.digital.rema1000.dk/400902/1-small-kAonrY2jox.webp", "medium": "https://rema-product-images.digital.rema1000.dk/400902/1-medium-kAonrY2jox.webp", "large": "https://rema-product-images.digital.rema1000.dk/400902/1-large-kAonrY2jox.webp"}], "prices": [{"price": 29, "price_over_max_quantity": null, "max_quantity": null, "is_advertised": true, "is_campaign": true, "starting_at": "2025-08-17T00:00:00+00:00", "ending_at": "2025-08-30T00:00:00+00:00", "deposit": null, "compare_unit": "kg", "compare_unit_price": 80.56, "consumption_unit": null, "consumption_quantity": null}], "temperature_zone": "refrigerated_5_degrees_celsius", "is_self_scale_item": false, "is_weight_item": false, "is_available_in_all_stores": true, "is_batch_item": false}
{"id": 400910, "name": "SALSICCIA GRILLER", "underline": "360 GR. / REMA 1000", "age_limit": null, "hazard_precaution_statements": [], "labels": [{"id": 70, "name": "Dansk", "image": "https://static-assets.digital.rema1000.dk/product/labels/70-64.webp"}], "description": null, "info": "Født i: Danmark\nOpvokset i: Danmark\nSlagtet i: Danmark\nSkåret i: Danmark", "images": [{"small": "https://rema-product-images.digital.rema1000.dk/400910/1-small-Al90zYjGo8.webp", "medium": "https://rema-product-images.digital.rema1000.dk/400910/1-medium-Al90zYjGo8.webp", "large": "https://rema-product-images.digital.rema1000.dk/400910/1-large-Al90zYjGo8.webp"}], "prices": [{"price": 32.95, "price_over_max_quantity": null, "max_quantity": null, "is_advertised": false, "is_campaign": false, "starting_at": "2025-07-31T00:00:00+00:00", "ending_at": "2025-08-23T00:00:00+00:00", "deposit": null, "compare_unit": "kg", "compare_unit_price": 91.53, "consumption_unit": null, "consumption_quantity": null}], "temperature_zone": "refrigerated_5_degrees_celsius", "is_self_scale_item": false, "is_weight_item": false, "is_available_in_all_stores": true, "is_batch_item": false}
{"id": 401002, "name": "HK. SKINKEKØD 4-7%", "underline": "400 GR. / FRILANDSGRIS", "age_limit": null, "hazard_precaution_statements": [], "labels": [{"id": 40, "name": "Nøglehul", "image": "https://static-assets.digital.rema1000.dk/product/labels/40-64.webp"}, {"id": 70, "name": "Dansk", "image": "https://static-assets.digital.rema1000.dk/product/labels/70-64.webp"}, {"id": 190, "name": "Anbefalet af Dyrenes Beskyttelse", "image": "https://static-assets.digital.rema1000.dk/product/labels/190-64.webp"}, {"id": 203, "name": "Bedre dyrevelfærd 3", "image": "https://static-assets.digital.rema1000.dk/product/labels/203-64.webp"}], "description": null, "info": "Født i: Danmark\nOpvokset i: Danmark\nSlagtet i: Danmark\nSkåret i: Danmark", "images": [{"small": "https://rema-product-images.digital.rema1000.dk/401002/1-small-kAonrYNEox.webp", "medium": "https://rema-product-images.digital.rema1000.dk/401002/1-medium-kAonrYNEox.webp", "large": "https://rema-product-images.digital.rema1000.dk/401002/1-large-kAonrYNEox.webp"}], "prices": [{"price": 39.95, "price_over_max_quantity": null, "max_quantity": null, "is_advertised": false, "is_campaign": false, "starting_at": "2022-05-26T00:00:00+00:00", "ending_at": "2025-08-23T00:00:00+00:00", "deposit": null, "compare_unit": "kg", "compare_unit_price": 99.88, "consumption_unit": null, "consumption_quantity": null}], "temperature_zone": "refrigerated_5_degrees_celsius", "is_self_scale_item": false, "is_weight_item": false, "is_available_in_all_stores": true, "is_batch_item": false}
{"id": 401020, "name": "HERREGÅRDS KOTELETTER", "underline": "340 GR. / FRILANDSGRIS", "age_limit": null, "hazard_precaution_statements": [], "labels": [{"id": 9001, "name": "Avisvare", "image": "https://static-assets.digital.rema1000.dk/product/labels/9001-64.webp"}, {"id": 70, "name": "Dansk", "image": "https://static-assets.digital.rema1000.dk/product/labels/70-64.webp"}, {"id": 190, "name": "Anbefalet af Dyrenes Beskyttelse", "image": "https://static-assets.digital.rema1000.dk/product/labels/190-64.webp"}, {"id": 203, "name": "Bedre dyrevelfærd 3", "image": "https://static-assets.digital.rema1000.dk/product/labels/203-64.webp"}], "description": null, "info": "Født i: Danmark\nOpvokset i: Danmark\nSlagtet i: Danmark\nSkåret i: Danmark", "images": [{"small": "https://rema-product-images.digital.rema1000.dk/401020/1-small-AKqeQXyQqp.webp", "medium": "https://rema-product-images.digital.rema1000.dk/401020/1-medium-AKqeQXyQqp.webp", "large": "https://rema-product-images.digital.rema1000.dk/401020/1-large-AKqeQXyQqp.webp"}], "prices": [{"price": 29, "price_over_max_quantity": null, "max_quantity": null, "is_advertised": true, "is_campaign": true, "starting_at": "2025-08-17T00:00:00+00:00", "ending_at": "2025-08-23T00:00:00+00:00", "deposit": null, "compare_unit": "kg", "compare_unit_price": 85.29, "consumption_unit": null, "consumption_quantity": null}, {"price": 34.95, "price_over_max_quantity": null, "max_quantity": null, "is_advertised": false, "is_campaign": false, "starting_at": "2025-08-24T00:00:00+00:00", "ending_at": "2025-08-30T00:00:00+00:00", "deposit": null, "compare_unit": "kg", "compare_unit_price": 102.79, "consumption_unit": null, "consumption_quantity": null}], "temperature_zone": "refrigerated_5_degrees_celsius", "is_self_scale_item": false, "is_weight_item": false, "is_available_in_all_stores": true, "is_batch_item": false}
{"id": 401021, "name": "KOTELET MED SKAFT", "underline": "225 GR. / FRILANDSGRIS", "age_limit": null, "hazard_precaution_statements": [], "labels": [{"id": 9001, "name": "Avisvare", "image": "https://static-assets.digital.rema1000.dk/product/labels/9001-64.webp"}, {"id": 70, "name": "Dansk", "image": "https://static-assets.digital.rema1000.dk/product/labels/70-64.webp"}, {"id": 190, "name": "Anbefalet af Dyrenes Beskyttelse", "image": "https://static-assets.digital.rema1000.dk/product/labels/190-64.webp"}, {"id": 203, "name": "Bedre dyrevelfærd 3", "image": "https://static-assets.digital.rema1000.dk/product/labels/203-64.webp"}], "description": null, "info": "Født i: Danmark\nOpvokset i: Danmark\nSlagtet i: Danmark\nSkåret i: Danmark", "images": [{"small": "https://rema-product-images.digital.rema1000.dk/401021/1-small-bJ9Y7wdpoL.webp", "medium": "https://rema-product-images.digital.rema1000.dk/401021/1-medium-bJ9Y7wdpoL.webp", "large": "https://rema-product-images.digital.rema1000.dk/401021/1-large-bJ9Y7wdpoL.webp"}], "prices": [{"price": 29, "price_over_max_quantity": null, "max_quantity": null, "is_advertised": true, "is_campaign": true, "starting_at": "2025-08-17T00:00:00+00:00", "ending_at": "2025-08-23T00:00:00+00:00", "deposit": null, "compare_unit": "kg", "compare_unit_price": 128.89, "consumption_unit": null, "consumption_quantity": null}, {"price": 34.95, "price_over_max_quantity": null, "max_quantity": null, "is_advertised": false, "is_campaign": false, "starting_at": "2025-08-24T00:00:00+00:00", "ending_at": "2025-08-30T00:00:00+00:00", "deposit": null, "compare_unit": "kg", "compare_unit_price": 155.33, "consumption_unit": null, "consumption_quantity": null}], "temperature_zone": "refrigerated_5_degrees_celsius", "is_self_scale_item": false, "is_weight_item": false, "is_available_in_all_stores": true, "is_batch_item": false}
{"id": 401024, "name": "SKINKE I TERN", "underline": "300 GR. / FRILANDSGRIS", "age_limit": null, "hazard_precaution_statements": [], "labels": [{"id": 9001, "name": "Avisvare", "image": "https://static-assets.digital.rema1000.dk/product/labels/9001-64.webp"}, {"id": 40, "name": "Nøglehul", "image": "https://static-assets.digital.rema1000.dk/product/labels/40-64.webp"}, {"id": 70, "name": "Dansk", "image": "https://static-assets.digital.rema1000.dk/product/labels/70-64.webp"}, {"id": 190, "name": "Anbefalet af Dyrenes Beskyttelse", "image": "https://static-assets.digital.rema1000.dk/product/labels/190-64.webp"}, {"id": 203, "name": "Bedre dyrevelfærd 3", "image": "https://static-assets.digital.rema1000.dk/product/labels/203-64.webp"}], "description": null, "info": "Født i: Danmark\nOpvokset i: Danmark\nSlagtet i: Danmark\nSkåret i: Danmark", "images": [{"small": "https://rema-product-images.digital.rema1000.dk/401024/1-small-vXodYVynq3.webp", "medium": "https://rema-product-images.digital.rema1000.dk/401024/1-medium-vXodYVynq3.webp", "large": "https://rema-product-images.digital.rema1000.dk/401024/1-large-vXodYVynq3.webp"}], "prices": [{"price": 29, "price_over_max_quantity": null, "max_quantity": null, "is_advertised": true, "is_campaign": true, "starting_at": "2025-08-17T00:00:00+00:00", "ending_at": "2025-08-23T00:00:00+00:00", "deposit": null, "compare_unit": "kg", "compare_unit_price": 96.67, "consumption_unit": null, "consumption_quantity": null}, {"price": 34.95, "price_over_max_quantity": null, "max_quantity": null, "is_advertised": false, "is_campaign": false, "starting_at": "2025-08-24T00:00:00+00:00", "ending_at": "2025-08-30T00:00:00+00:00", "deposit": null, "compare_unit": "kg", "compare_unit_price": 116.5, "consumption_unit": null, "consumption_quantity": null}], "temperature_zone": "refrigerated_5_degrees_celsius", "is_self_scale_item": false, "is_weight_item": false, "is_available_in_all_stores": true, "is_batch_item": false}
{"id": 401025, "name": "SKINKESCHNITZLER", "underline": "250 GR. / FRILANDSGRIS", "age_limit": null, "hazard_precaution_statements": [], "labels": [{"id": 9001, "name": "Avisvare", "image": "https://static-assets.digital.rema1000.dk/product/labels/9001-64.webp"}, {"id": 40, "name": "Nøglehul", "image": "https://static-assets.digital.rema1000.dk/product/labels/40-64.webp"}, {"id": 70, "name": "Dansk", "image": "https://static-assets.digital.rema1000.dk/product/labels/70-64.webp"}, {"id": 190, "name": "Anbefalet af Dyrenes Beskyttelse", "image": "https://static-assets.digital.rema1000.dk/product/labels/190-64.webp"}, {"id": 203, "name": "Bedre dyrevelfærd 3", "image": "https://static-assets.digital.rema1000.dk/product/labels/203-64.webp"}], "description": null, "info": "Født i: Danmark\nOpvokset i: Danmark\nSlagtet i: Danmark\nSkåret i: Danmark", "images": [{"small": "https://rema-product-images.digital.rema1000.dk/401025/1-small-Ea910zwjqz.webp", "medium": "https://rema-product-images.digital.rema1000.dk/401025/1-medium-Ea910zwjqz.webp", "large": "https://rema-product-images.digital.rema1000.dk/401025/1-large-Ea910zwjqz.webp"}], "prices": [{"price": 29, "price_over_max_quantity": null, "max_quantity": null, "is_advertised": true, "is_campaign": true, "starting_at": "2025-08-17T00:00:00+00:00", "ending_at": "2025-08-23T00:00:00+00:00", "deposit": null, "compare_unit": "kg", "compare_unit_price": 116, "consumption_unit": null, "consumption_quantity": null}, {"price": 34.95, "price_over_max_quantity": null, "max_quantity": null, "is_advertised": false, "is_campaign": false, "starting_at": "2025-08-24T00:00:00+00:00", "ending_at": "2025-08-30T00:00:00+00:00", "deposit": null, "compare_unit": "kg", "compare_unit_price": 139.8, "consumption_unit": null, "consumption_quantity": null}], "temperature_zone": "refrigerated_5_degrees_celsius", "is_self_scale_item": false, "is_weight_item": false, "is_available_in_all_stores": true, "is_batch_item": false}
{"id": 401036, "name": "STEGEFLÆSK", "underline": "300 GR. / FRILANDSGRIS", "age_limit": null, "hazard_precaution_statements": [], "labels": [{"id": 9001, "name": "Avisvare", "image": "https://static-assets.digital.rema1000.dk/product/labels/9001-64.webp"}, {"id": 70, "name": "Dansk", "image": "https://static-assets.digital.rema1000.dk/product/labels/70-64.webp"}, {"id": 190, "name": "Anbefalet af Dyrenes Beskyttelse", "image": "https://static-assets.digital.rema1000.dk/product/labels/190-64.webp"}, {"id": 203, "name": "Bedre dyrevelfærd 3", "image": "https://static-assets.digital.rema1000.dk/product/labels/203-64.webp"}], "description": null, "info": "", "images": [{"small": "https://rema-product-images.digital.rema1000.dk/401036/1-small-7doLrk0L96.webp", "medium": "https://rema-product-images.digital.rema1000.dk/401036/1-medium-7doLrk0L96.webp", "large": "https://rema-product-images.digital.rema1000.dk/401036/1-large-7doLrk0L96.webp"}], "prices": [{"price": 29, "price_over_max_quantity": null, "max_quantity": null, "is_advertised": true, "is_campaign": true, "starting_at": "2025-08-17T00:00:00+00:00", "ending_at": "2025-08-23T00:00:00+00:00", "deposit": null, "compare_unit": "kg", "compare_unit_price": 96.67, "consumption_unit": null, "consumption_quantity": null}, {"price": 34.95, "price_over_max_quantity": null, "max_quantity": null, "is_advertised": false, "is_campaign": false, "starting_at": "2025-08-24T00:00:00+00:00", "ending_at": "2025-08-30T00:00:00+00:00", "deposit": null, "compare_unit": "kg", "compare_unit_price": 116.5, "consumption_unit": null, "consumption_quantity": null}], "temperature_zone": "refrigerated_5_degrees_celsius", "is_self_scale_item": false, "is_weight_item": false, "is_available_in_all_stores": true, "is_batch_item": false}
{"id": 401041, "name": "GRILL FLÆSK BBQ", "underline": "300 GR. / FRILANDSGRIS", "age_limit": null, "hazard_precaution_statements": [], "labels": [{"id": 9001, "name": "Avisvare", "image": "https://static-assets.digital.rema1000.dk/product/labels/9001-64.webp"}, {"id": 70, "name": "Dansk", "image": "https://static-assets.digital.rema1000.dk/product/labels/70-64.webp"}, {"id": 190, "name": "Anbefalet af Dyrenes Beskyttelse", "image": "https://static-assets.digital.rema1000.dk/product/labels/190-64.webp"}, {"id": 203, "name": "Bedre dyrevelfærd 3", "image": "https://static-assets.digital.rema1000.dk/product/labels/203-64.webp"}], "description": null, "info": "Født i: Danmark\nOpvokset i: Danmark\nSlagtet i: Danmark\nSkåret i: Danmark", "images": [{"small": "https://rema-product-images.digital.rema1000.dk/401041/1-small-we9EaEnA9g.webp", "medium": "https://rema-product-images.digital.rema1000.dk/401041/1-medium-we9EaEnA9g.webp", "large": "https://rema-product-images.digital.rema1000.dk/401041/1-large-we9EaEnA9g.webp"}], "prices": [{"price": 29, "price_over_max_quantity": null, "max_quantity": null, "is_advertised": true, "is_campaign": true, "starting_at": "2025-08-17T00:00:00+00:00", "ending_at": "2025-08-23T00:00:00+00:00", "deposit": null, "compare_unit": "kg", "compare_unit_price": 96.67, "consumption_unit": null, "consumption_quantity": null}, {"price": 34.95, "price_over_max_quantity": null, "max_quantity": null, "is_advertised": false, "is_campaign": false, "starting_at": "2025-08-24T00:00:00+00:00", "ending_at": "2025-09-06T00:00:00+00:00", "deposit": null, "compare_unit": "kg", "compare_unit_price": 116.5, "consumption_unit": null, "consumption_quantity": null}], "temperature_zone": "refrigerated_5_degrees_celsius", "is_self_scale_item": false, "is_weight_item": false, "is_available_in_all_stores": true, "is_batch_item": false}
{"id": 401045, "name": "GYROS STRIMLER", "underline": "300 GR. / FRILANDSGRIS", "age_limit": null, "hazard_precaution_statements": [], "labels": [], "description": null, "info": "", "images": [{"small": "https://rema-product-images.digital.rema1000.dk/401045/1-small-ElPBrkglPk.webp", "medium": "https://rema-product-images.digital.rema1000.dk/401045/1-medium-ElPBrkglPk.webp", "large": "https://rema-product-images.digital.rema1000.dk/401045/1-large-ElPBrkglPk.webp"}], "prices": [{"price": 34.95, "price_over_max_quantity": null, "max_quantity": null, "is_advertised": false, "is_campaign": false, "starting_at": "2025-03-11T00:00:00+00:00", "ending_at": "2025-08-23T00:00:00+00:00", "deposit": null, "compare_unit": "kg", "compare_unit_price": 116.5, "consumption_unit": null, "consumption_quantity": null}], "temperature_zone": "refrigerated_5_degrees_celsius", "is_self_scale_item": false, "is_weight_item": false, "is_available_in_all_stores": true, "is_batch_item": false}
{"id": 401050, "name": "FLÆSKESTEG 1,5-1,8 KG", "underline": "1500 GR. / FRILANDSGRIS", "age_limit": null, "hazard_precaution_statements": [], "labels": [{"id": 70, "name": "Dansk", "image": "https://static-assets.digital.rema1000.dk/product/labels/70-64.webp"}, {"id": 190, "name": "Anbefalet af Dyrenes Beskyttelse", "image": "https://static-assets.digital.rema1000.dk/product/labels/190-64.webp"}, {"id": 203, "name": "Bedre dyrevelfærd 3", "image": "https://static-assets.digital.rema1000.dk/product/labels/203-64.webp"}], "description": null, "info": "Født i: Danmark\nOpvokset i: Danmark\nSlagtet i: Danmark\nSkåret i: Danmark", "images": [{"small": "https://rema-product-images.digital.rema1000.dk/401050/1-small-vVor018W93.webp", "medium": "https://rema-product-images.digital.rema1000.dk/401050/1-medium-vVor018W93.webp", "large": "https://rema-product-images.digital.rema1000.dk/401050/1-large-vVor018W93.webp"}], "prices": [{"price": 125, "price_over_max_quantity": null, "max_quantity": null, "is_advertised": false, "is_campaign": false, "starting_at": "2024-08-01T00:00:00+00:00", "ending_at": "2099-12-31T00:00:00+00:00", "deposit": null, "compare_unit": "kg", "compare_unit_price": 83.33, "consumption_unit": null, "consumption_quantity": null}], "temperature_zone": "refrigerated_5_degrees_celsius", "is_self_scale_item": false, "is_weight_item": false, "is_available_in_all_stores": true, "is_batch_item": false}
{"id": 401054, "name": "RIBBENSSTEG 900-1200G", "underline": "900 GR. / FRILANDSGRIS", "age_limit": null, "hazard_precaution_statements": [], "labels": [{"id": 70, "name": "Dansk", "image": "https://static-assets.digital.rema1000.dk/product/labels/70-64.webp"}, {"id": 190, "name": "Anbefalet af Dyrenes Beskyttelse", "image": "https://static-assets.digital.rema1000.dk/product/labels/190-64.webp"}, {"id": 203, "name": "Bedre dyrevelfærd 3", "image": "https://static-assets.digital.rema1000.dk/product/labels/203-64.webp"}], "description": null, "info": "Født i: Danmark\nOpvokset i: Danmark\nSlagtet i: Danmark\nSkåret i: Danmark", "images": [{"small": "https://rema-product-images.digital.rema1000.dk/401054/1-small-Al90zYDno8.webp", "medium": "https://rema-product-images.digital.rema1000.dk/401054/1-medium-Al90zYDno8.webp", "large": "https://rema-product-images.digital.rema1000.dk/401054/1-large-Al90zYDno8.webp"}], "prices": [{"price": 79, "price_over_max_quantity": null, "max_quantity": null, "is_advertised": false, "is_campaign": false, "starting_at": "2023-02-23T00:00:00+00:00", "ending_at": "2099-12-31T00:00:00+00:00", "deposit": null, "compare_unit": "kg", "compare_unit_price": 87.78, "consumption_unit": null, "consumption_quantity": null}], "temperature_zone": "refrigerated_5_degrees_celsius", "is_self_scale_item": false, "is_weight_item": false, "is_available_in_all_stores": true, "is_batch_item": false}
{"id": 401057, "name": "NAKKEFILET 1100-1400G", "underline": "1100 GR. / FRILANDSGRIS", "age_limit": null, "hazard_precaution_statements": [], "labels": [{"id": 70, "name": "Dansk", "image": "https://static-assets.digital.rema1000.dk/product/labels/70-64.webp"}, {"id": 190, "name": "Anbefalet af Dyrenes Beskyttelse", "image": "https://static-assets.digital.rema1000.dk/product/labels/190-64.webp"}, {"id": 203, "name": "Bedre dyrevelfærd 3", "image": "https://static-assets.digital.rema1000.dk/product/labels/203-64.webp"}], "description": null, "info": "Født i: Danmark\nOpvokset i: Danmark\nSlagtet i: Danmark\nSkåret i: Danmark", "images": [{"small": "https://rema-product-images.digital.rema1000.dk/401057/1-small-wyPbaKyZ9E.webp", "medium": "https://rema-product-images.digital.rema1000.dk/401057/1-medium-wyPbaKyZ9E.webp", "large": "https://rema-product-images.digital.rema1000.dk/401057/1-large-wyPbaKyZ9E.webp"}], "prices": [{"price": 99, "price_over_max_quantity": null, "max_quantity": null, "is_advertised": false, "is_campaign": false, "starting_at": "2024-07-25T00:00:00+00:00", "ending_at": "2099-12-31T00:00:00+00:00", "deposit": null, "compare_unit": "kg", "compare_unit_price": 90, "consumption_unit": null, "consumption_quantity": null}], "temperature_zone": "refrigerated_5_degrees_celsius", "is_self_scale_item": false, "is_weight_item": false, "is_available_in_all_stores": true, "is_batch_item": false}
{"id": 401060, "name": "MØRBRAD 500-700G", "underline": "500 GR. / FRILANDSGRIS", "age_limit": null, "hazard_precaution_statements": [], "labels": [{"id": 40, "name": "Nøglehul", "image": "https://static-assets.digital.rema1000.dk/product/labels/40-64.webp"}, {"id": 70, "name": "Dansk", "image": "https://static-assets.digital.rema1000.dk/product/labels/70-64.webp"}, {"id": 190, "name": "Anbefalet af Dyrenes Beskyttelse", "image": "https://static-assets.digital.rema1000.dk/product/labels/190-64.webp"}, {"id": 203, "name": "Bedre dyrevelfærd 3", "image": "https://static-assets.digital.rema1000.dk/product/labels/203-64.webp"}], "description": null, "info": "Født i: Danmark\nOpvokset i: Danmark\nSlagtet i: Danmark", "images": [{"small": "https://rema-product-images.digital.rema1000.dk/401060/1-small-6xqA8l3WoD.webp", "medium": "https://rema-product-images.digital.rema1000.dk/401060/1-medium-6xqA8l3WoD.webp", "large": "https://rema-product-images.digital.rema1000.dk/401060/1-large-6xqA8l3WoD.webp"}], "prices": [{"price": 79, "price_over_max_quantity": null, "max_quantity": null, "is_advertised": false, "is_campaign": false, "starting_at": "2019-05-06T00:00:00+00:00", "ending_at": "2099-12-31T00:00:00+00:00", "deposit": null, "compare_unit": "kg", "compare_unit_price": 158, "consumption_unit": null, "consumption_quantity": null}], "temperature_zone": "refrigerated_5_degrees_celsius", "is_self_scale_item": false, "is_weight_item": false, "is_available_in_all_stores": true, "is_batch_item": false}
{"id": 401065, "name": "SKINKECULOTTE 800-1200G", "underline": "800 GR. / FRILANDSGRIS , BBQ", "age_limit": null, "hazard_precaution_statements": [], "labels": [{"id": 40, "name": "Nøglehul", "image": "https://static-assets.digital.rema1000.dk/product/labels/40-64.webp"}, {"id": 70, "name": "Dansk", "image": "https://static-assets.digital.rema1000.dk/product/labels/70-64.webp"}], "description": null, "info": "", "images": [{"small": "https://rema-product-images.digital.rema1000.dk/401065/1-small-bJ9Y7wbpoL.webp", "medium": "https://rema-product-images.digital.rema1000.dk/401065/1-medium-bJ9Y7wbpoL.webp", "large": "https://rema-product-images.digital.rema1000.dk/401065/1-large-bJ9Y7wbpoL.webp"}], "prices": [{"price": 79, "price_over_max_quantity": null, "max_quantity": null, "is_advertised": false, "is_campaign": false, "starting_at": "2024-07-25T00:00:00+00:00", "ending_at": "2099-12-31T00:00:00+00:00", "deposit": null, "compare_unit": "kg", "compare_unit_price": 98.75, "consumption_unit": null, "consumption_quantity": null}], "temperature_zone": "refrigerated_5_degrees_celsius", "is_self_scale_item": false, "is_weight_item": false, "is_available_in_all_stores": true, "is_batch_item": false}
{"id": 401070, "name": "PORCHETTA", "underline": "1.2 KG. / FRILANDSGRIS", "age_limit": null, "hazard_precaution_statements": [], "labels": [{"id": 9001, "name": "Avisvare", "image": "https://static-assets.digital.rema1000.dk/product/labels/9001-64.webp"}, {"id": 70, "name": "Dansk", "image": "https://static-assets.digital.rema1000.dk/product/labels/70-64.webp"}, {"id": 190, "name": "Anbefalet af Dyrenes Beskyttelse", "image": "https://static-assets.digital.rema1000.dk/product/labels/190-64.webp"}, {"id": 203, "name": "Bedre dyrevelfærd 3", "image": "https://static-assets.digital.rema1000.dk/product/labels/203-64.webp"}], "description": null, "info": "", "images": [{"small": "https://rema-product-images.digital.rema1000.dk/401070/1-small-kOq3rdKvo6.webp", "medium": "https://rema-product-images.digital.rema1000.dk/401070/1-medium-kOq3rdKvo6.webp", "large": "https://rema-product-images.digital.rema1000.dk/401070/1-large-kOq3rdKvo6.webp"}], "prices": [{"price": 95.88, "price_over_max_quantity": null, "max_quantity": null, "is_advertised": true, "is_campaign": false, "starting_at": "2025-08-17T00:00:00+00:00", "ending_at": "2025-11-15T00:00:00+00:00", "deposit": null, "compare_unit": "kg", "compare_unit_price": 79.9, "consumption_unit": null, "consumption_quantity": null}], "temperature_zone": "refrigerated_5_degrees_celsius", "is_self_scale_item": false, "is_weight_item": true, "is_available_in_all_stores": true, "is_batch_item": true}
{"id": 401081, "name": "FRILANDSGRIS GRILLSTEG", "underline": "1.2 KG. / REMA 1000, MED BBQ OG SVÆR", "age_limit": null, "hazard_precaution_statements": [], "labels": [{"id": 9001, "name": "Avisvare", "image": "https://static-assets.digital.rema1000.dk/product/labels/9001-64.webp"}, {"id": 70, "name": "Dansk", "image": "https://static-assets.digital.rema1000.dk/product/labels/70-64.webp"}], "description": null, "info": "", "images": [{"small": "https://rema-product-images.digital.rema1000.dk/401081/1-small-JzPJgkrxok.webp", "medium": "https://rema-product-images.digital.rema1000.dk/401081/1-medium-JzPJgkrxok.webp", "large": "https://rema-product-images.digital.rema1000.dk/401081/1-large-JzPJgkrxok.webp"}], "prices": [{"price": 95.88, "price_over_max_quantity": null, "max_quantity": null, "is_advertised": true, "is_campaign": false, "starting_at": "2025-08-17T00:00:00+00:00", "ending_at": "2025-11-15T00:00:00+00:00", "deposit": null, "compare_unit": "kg", "compare_unit_price": 79.9, "consumption_unit": null, "consumption_quantity": null}], "temperature_zone": "refrigerated_5_degrees_celsius", "is_self_scale_item": false, "is_weight_item": true, "is_available_in_all_stores": true, "is_batch_item": true}
{"id": 401204, "name": "HAKKET", "underline": "300 GR. / NATURLI'", "age_limit": null, "hazard_precaution_statements": [], "labels": [], "description": null, "info": "", "images": [{"small": "https://rema-product-images.digital.rema1000.dk/401204/1-small-OJq5v3A19p.webp", "medium": "https://rema-product-images.digital.rema1000.dk/401204/1-medium-OJq5v3A19p.webp", "large": "https://rema-product-images.digital.rema1000.dk/401204/1-large-OJq5v3A19p.webp"}], "prices": [{"price": 25, "price_over_max_quantity": null, "max_quantity": null, "is_advertised": false, "is_campaign": false, "starting_at": "2025-02-19T00:00:00+00:00", "ending_at": "2099-12-31T00:00:00+00:00", "deposit": null, "compare_unit": "kg", "compare_unit_price": 83.33, "consumption_unit": null, "consumption_quantity": null}], "temperature_zone": "refrigerated_5_degrees_celsius", "is_self_scale_item": false, "is_weight_item": false, "is_available_in_all_stores": true, "is_batch_item": false}
{"id": 401207, "name": "ØKO FALAFEL", "underline": "350 GR. / NATURLI'", "age_limit": null, "hazard_precaution_statements": [], "labels": [{"id": 6, "name": "Økologi", "image": "https://static-assets.digital.rema1000.dk/product/labels/6-64.webp"}], "description": null, "info": "", "images": [{"small": "https://rema-product-images.digital.rema1000.dk/401207/1-small-v09glvbEPA.webp", "medium": "https://rema-product-images.digital.rema1000.dk/401207/1-medium-v09glvbEPA.webp", "large": "https://rema-product-images.digital.rema1000.dk/401207/1-large-v09glvbEPA.webp"}], "prices": [{"price": 25, "price_over_max_quantity": null, "max_quantity": null, "is_advertised": false, "is_campaign": false, "starting_at": "2021-09-13T00:00:00+00:00", "ending_at": "2099-12-31T00:00:00+00:00", "deposit": null, "compare_unit": "kg", "compare_unit_price": 71.43, "consumption_unit": null, "consumption_quantity": null}], "temperature_zone": "refrigerated_5_degrees_celsius", "is_self_scale_item": false, "is_weight_item": false, "is_available_in_all_stores": true, "is_batch_item": false}
{"id": 401251, "name": "PIPFRI", "underline": "200 GR. / NATURLI'", "age_limit": null, "hazard_precaution_statements": [], "labels": [], "description": null, "info": "", "images": [{"small": "https://rema-product-images.digital.rema1000.dk/401251/1-small-v09glvxEPA.webp", "medium": "https://rema-product-images.digital.rema1000.dk/401251/1-medium-v09glvxEPA.webp", "large": "https://rema-product-images.digital.rema1000.dk/401251/1-large-v09glvxEPA.webp"}], "prices": [{"price": 22, "price_over_max_quantity": null, "max_quantity": null, "is_advertised": false, "is_campaign": false, "starting_at": "2024-10-17T00:00:00+00:00", "ending_at": "2099-12-31T00:00:00+00:00", "deposit": null, "compare_unit": "kg", "compare_unit_price": 110, "consumption_unit": null, "consumption_quantity": null}], "temperature_zone": "refrigerated_5_degrees_celsius", "is_self_scale_item": false, "is_weight_item": false, "is_available_in_all_stores": false, "is_batch_item": false}
{"id": 40183, "name": "HVIDLØG & OST PIZZA", "underline": "223 GR. / SAN MARCO", "age_limit": null, "hazard_precaution_statements": [], "labels": [{"id": 9001, "name": "Avisvare", "image": "https://static-assets.digital.rema1000.dk/product/labels/9001-64.webp"}], "description": null, "info": "", "images": [{"small": "https://rema-product-images.digital.rema1000.dk/40183/1-small-zOPlOYx9RW.webp", "medium": "https://rema-product-images.digital.rema1000.dk/40183/1-medium-zOPlOYx9RW.webp", "large": "https://rema-product-images.digital.rema1000.dk/40183/1-large-zOPlOYx9RW.webp"}], "prices": [{"price": 10, "price_over_max_quantity": null, "max_quantity": null, "is_advertised": true, "is_campaign": false, "starting_at": "2025-08-17T00:00:00+00:00", "ending_at": "2025-11-15T00:00:00+00:00", "deposit": null, "compare_unit": "kg", "compare_unit_price": 44.84, "consumption_unit": null, "consumption_quantity": null}], "temperature_zone": "frozen_18_degrees_celsius", "is_self_scale_item": false, "is_weight_item": false, "is_available_in_all_stores": true, "is_batch_item": true}
{"id": 40207, "name": "RODFRUGTFRITTER", "underline": "500 GR. / FRIGODAN", "age_limit": null, "hazard_precaution_statements": [], "labels": [{"id": 38, "name": "Gluten fri", "image": "https://static-assets.digital.rema1000.dk/product/labels/38-64.webp"}], "description": null, "info": "", "images": [{"small": "https://rema-product-images.digital.rema1000.dk/40207/1-small-v09gWA09AW.webp", "medium": "https://rema-product-images.digital.rema1000.dk/40207/1-medium-v09gWA09AW.webp", "large": "https://rema-product-images.digital.rema1000.dk/40207/1-large-v09gWA09AW.webp"}], "prices": [{"price": 17.95, "price_over_max_quantity": null, "max_quantity": null, "is_advertised": false, "is_campaign": false, "starting_at": "2024-10-17T00:00:00+00:00", "ending_at": "2099-12-31T00:00:00+00:00", "deposit": null, "compare_unit": "kg", "compare_unit_price": 35.9, "consumption_unit": null, "consumption_quantity": null}], "temperature_zone": "frozen_18_degrees_celsius", "is_self_scale_item": false, "is_weight_item": false, "is_available_in_all_stores": false, "is_batch_item": false}
{"id": 40208, "name": "SWEET POTATO FRITTER", "underline": "400 GR. / FRIGODAN", "age_limit": null, "hazard_precaution_statements": [], "labels": [{"id": 38, "name": "Gluten fri", "image": "https://static-assets.digital.rema1000.dk/product/labels/38-64.webp"}], "description": null, "info": "", "images": [{"small": "https://rema-product-images.digital.rema1000.dk/40208/1-small-NpP7XJVoOl.webp", "medium": "https://rema-product-images.digital.rema1000.dk/40208/1-medium-NpP7XJVoOl.webp", "large": "https://rema-product-images.digital.rema1000.dk/40208/1-large-NpP7XJVoOl.webp"}], "prices": [{"price": 19.95, "price_over_max_quantity": null, "max_quantity": null, "is_advertised": false, "is_campaign": false, "starting_at": "2024-10-17T00:00:00+00:00", "ending_at": "2099-12-31T00:00:00+00:00", "deposit": null, "compare_unit": "kg", "compare_unit_price": 49.88, "consumption_unit": null, "consumption_quantity": null}], "temperature_zone": "frozen_18_degrees_celsius", "is_self_scale_item": false, "is_weight_item": false, "is_available_in_all_stores": true, "is_batch_item": false}
{"id": 40292, "name": "RATATOUILLE", "underline": "500 GR. / LÆKKERT & NEMT", "age_limit": null, "hazard_precaution_statements": [], "labels": [{"id": 2, "name": "REMA1000", "image": "https://static-assets.digital.rema1000.dk/product/labels/2-64.webp"}], "description": "<b>Discount med holdning</b><br />I REMA 1000 har vi fokus på kvalitet til lave priser og overskriften på vores arbejde er Discount med holdning.<br />Vi har en klar holdning til alle de varer, vi sælger. Vi stiller ikke kun krav til kvaliteten af vores egne mærkevarer – det er også vigtigt for os, at emballagerne er designet til genanvendelse, at indholdet er uden problematiske stoffer, og at varerne er produceret ansvarligt samt mærket med tydelige og valide certificeringer.<br /><br /><b>Om denne vare</b><br />REMA 1000 ratatouille er nem og lækker aftensmad på ingen tid. Ratatouille er en smagfuld grøntsagsblanding med krydderier, som kan laves i en fart - velegnet til både grise-, kalve- eller oksekød.<br /><br /><b>Tilberedning</b><br />1. De frosne grøntsager kommes på en varm pande med ½ dl olivenolie.<br />2. Grøntsagerne steges under omrøring i 5-6 min. ved høj varme.<br />3. Krydres og smages til med salt og peber.<br /><br />Husk at tilkøbe kød, hvis du ønsker at lave ratatouille med kød.", "info": "", "images": [{"small": "https://rema-product-images.digital.rema1000.dk/40292/1-small-OJq50DNopr.webp", "medium": "https://rema-product-images.digital.rema1000.dk/40292/1-medium-OJq50DNopr.webp", "large": "https://rema-product-images.digital.rema1000.dk/40292/1-large-OJq50DNopr.webp"}], "prices": [{"price": 13.95, "price_over_max_quantity": null, "max_quantity": null, "is_advertised": false, "is_campaign": false, "starting_at": "2022-06-23T00:00:00+00:00", "ending_at": "2099-12-31T00:00:00+00:00", "deposit": null, "compare_unit": "kg", "compare_unit_price": 27.9, "consumption_unit": null, "consumption_quantity": null}], "temperature_zone": "frozen_18_degrees_celsius", "is_self_scale_item": false, "is_weight_item": false, "is_available_in_all_stores": true, "is_batch_item": false}
{"id": 40371, "name": "SOMMERBLANDING", "underline": "500 GR. / LÆKKERT & NEMT", "age_limit": null, "hazard_precaution_statements": [], "labels": [{"id": 2, "name": "REMA1000", "image": "https://static-assets.digital.rema1000.dk/product/labels/2-64.webp"}, {"id": 40, "name": "Nøglehul", "image": "https://static-assets.digital.rema1000.dk/product/labels/40-64.webp"}], "description": null, "info": "", "images": [{"small": "https://rema-product-images.digital.rema1000.dk/40371/1-small-OW9OD1NPgE.webp", "medium": "https://rema-product-images.digital.rema1000.dk/40371/1-medium-OW9OD1NPgE.webp", "large": "https://rema-product-images.digital.rema1000.dk/40371/1-large-OW9OD1NPgE.webp"}], "prices": [{"price": 13.95, "price_over_max_quantity": null, "max_quantity": null, "is_advertised": false, "is_campaign": false, "starting_at": "2022-06-23T00:00:00+00:00", "ending_at": "2099-12-31T00:00:00+00:00", "deposit": null, "compare_unit": "kg", "compare_unit_price": 27.9, "consumption_unit": null, "consumption_quantity": null}], "temperature_zone": "frozen_18_degrees_celsius", "is_self_scale_item": false, "is_weight_item": false, "is_available_in_all_stores": true, "is_batch_item": false}
{"id": 40378, "name": "FAJITA BLANDING", "underline": "450 GR. / LÆKKERT & NEMT", "age_limit": null, "hazard_precaution_statements": [], "labels": [{"id": 2, "name": "REMA1000", "image": "https://static-assets.digital.rema1000.dk/product/labels/2-64.webp"}, {"id": 40, "name": "Nøglehul", "image": "https://static-assets.digital.rema1000.dk/product/labels/40-64.webp"}], "description": "<b>Discount med holdning</b><br />I REMA 1000 har vi fokus på kvalitet til lave priser og overskriften på vores arbejde er Discount med holdning.<br />Vi har en klar holdning til alle de varer, vi sælger. Vi stiller ikke kun krav til kvaliteten af vores egne mærkevarer – det er også vigtigt for os, at emballagerne er designet til genanvendelse, at indholdet er uden problematiske stoffer, og at varerne er produceret ansvarligt samt mærket med tydelige og valide certificeringer.<br /><br /><b>Om denne vare</b><br />REMA 1000 fajitablanding er nem og lækker aftensmad på ingen tid. Fajitablandingen er en smagfuld grøntsagsblanding med krydderier, som kan laves i en fart. Blandingen er velegnet til tortillas med kylling eller oksekød, lidt salsa og creme fraiche.<br /><br /><b>Tilberedning</b><br />1. De frosne grøntsager kommes på en varm pande og svitses i 2 spsk. olie.<br />2. Steg grøntsagerne under omrøring i 5-6 min.<br />3. Serveres til tortillas.<br /><br />Husk at tilkøbe kylling, tortillas, salsa og creme fraiche, så du har det hele til aftensmaden.", "info": "", "images": [{"small": "https://rema-product-images.digital.rema1000.dk/40378/1-small-yLqGDp79d4.webp", "medium": "https://rema-product-images.digital.rema1000.dk/40378/1-medium-yLqGDp79d4.webp", "large": "https://rema-product-images.digital.rema1000.dk/40378/1-large-yLqGDp79d4.webp"}], "prices": [{"price": 13.95, "price_over_max_quantity": null, "max_quantity": null, "is_advertised": false, "is_campaign": false, "starting_at": "2022-06-23T00:00:00+00:00", "ending_at": "2099-12-31T00:00:00+00:00", "deposit": null, "compare_unit": "kg", "compare_unit_price": 31, "consumption_unit": null, "consumption_quantity": null}], "temperature_zone": "frozen_18_degrees_celsius", "is_self_scale_item": false, "is_weight_item": false, "is_available_in_all_stores": true, "is_batch_item": false}
{"id": 40381, "name": "GRØNTSAGSBUND", "underline": "500 GR. / LÆKKERT & NEMT", "age_limit": null, "hazard_precaution_statements": [], "labels": [{"id": 2, "name": "REMA1000", "image": "https://static-assets.digital.rema1000.dk/product/labels/2-64.webp"}, {"id": 40, "name": "Nøglehul", "image": "https://static-assets.digital.rema1000.dk/product/labels/40-64.webp"}], "description": "<b>Discount med holdning</b><br />I REMA 1000 har vi fokus på kvalitet til lave priser og overskriften på vores arbejde er Discount med holdning.<br />Vi har en klar holdning til alle de varer, vi sælger. Vi stiller ikke kun krav til kvaliteten af vores egne mærkevarer – det er også vigtigt for os, at emballagerne er designet til genanvendelse, at indholdet er uden problematiske stoffer, og at varerne er produceret ansvarligt samt mærket med tydelige og valide certificeringer.<br /><br /><b>Om denne vare</b><br />REMA 1000 grøntsagsbund er en grøntsagsblanding beregnet som bund til retter med kylling eller fisk i fad - nem og lækker aftensmad, som kan laves i en fart.<br /><br /><b>Tilberedning</b><br />1. De frosne grøntsager svitses i ca. 5 min. på en varm pande med lidt olie.<br />2. Hæld grøntsagerne i et ovnfast fad, og fordel fisk eller kylling mellem grøntsagerne.<br />3. 2,5 dl madlavningsfløde hældes over, og fadet sættes i en forvarmet ovn ved 225°C varmluft i ca. 20 min. til fisken/kyllingen er færdig.<br /><br />Husk at tilkøbe madlavningsfløde og kylling/fisk, så du har det hele til aftensmaden.", "info": "", "images": [{"small": "https://rema-product-images.digital.rema1000.dk/40381/1-small-JzPJLeJqkb.webp", "medium": "https://rema-product-images.digital.rema1000.dk/40381/1-medium-JzPJLeJqkb.webp", "large": "https://rema-product-images.digital.rema1000.dk/40381/1-large-JzPJLeJqkb.webp"}], "prices": [{"price": 13.95, "price_over_max_quantity": null, "max_quantity": null, "is_advertised": false, "is_campaign": false, "starting_at": "2022-06-23T00:00:00+00:00", "ending_at": "2099-12-31T00:00:00+00:00", "deposit": null, "compare_unit": "kg", "compare_unit_price": 27.9, "consumption_unit": null, "consumption_quantity": null}], "temperature_zone": "frozen_18_degrees_celsius", "is_self_scale_item": false, "is_weight_item": false, "is_available_in_all_stores": true, "is_batch_item": false}
{"id": 40410, "name": "BØNNEBLANDING", "underline": "450 GR. / LÆKKERT & NEMT", "age_limit": null, "hazard_precaution_statements": [], "labels": [{"id": 2, "name": "REMA1000", "image": "https://static-assets.digital.rema1000.dk/product/labels/2-64.webp"}, {"id": 40, "name": "Nøglehul", "image": "https://static-assets.digital.rema1000.dk/product/labels/40-64.webp"}], "description": "<b>Discount med holdning</b><br />I REMA 1000 har vi fokus på kvalitet til lave priser og overskriften på vores arbejde er Discount med holdning.<br />Vi har en klar holdning til alle de varer, vi sælger. Vi stiller ikke kun krav til kvaliteten af vores egne mærkevarer – det er også vigtigt for os, at emballagerne er designet til genanvendelse, at indholdet er uden problematiske stoffer, og at varerne er produceret ansvarligt samt mærket med tydelige og valide certificeringer.<br /><br /><b>Om denne vare</b><br />REMA 1000 bønneblanding er nem og lækker aftensmad på ingen tid. Bønnerne er blandet med rødløg og er velegnet til fisk og fjerkræ.<br /><br /><b>Tilberedning</b><br />1. De frosne grøntsager kommes på en varm pande med 1-2 spsk. olie.<br />2. Grøntsagerne steges under omrøring i 6-7 min.<br />3. Krydres og smages til med salt og peber.<br /><br />Husk at tilkøbe fisk/fjerkræ, hvis du ønsker kød til aftensmaden.", "info": "", "images": [{"small": "https://rema-product-images.digital.rema1000.dk/40410/1-small-Al908nB98w.webp", "medium": "https://rema-product-images.digital.rema1000.dk/40410/1-medium-Al908nB98w.webp", "large": "https://rema-product-images.digital.rema1000.dk/40410/1-large-Al908nB98w.webp"}], "prices": [{"price": 13.95, "price_over_max_quantity": null, "max_quantity": null, "is_advertised": false, "is_campaign": false, "starting_at": "2022-06-23T00:00:00+00:00", "ending_at": "2099-12-31T00:00:00+00:00", "deposit": null, "compare_unit": "kg", "compare_unit_price": 31, "consumption_unit": null, "consumption_quantity": null}], "temperature_zone": "frozen_18_degrees_celsius", "is_self_scale_item": false, "is_weight_item": false, "is_available_in_all_stores": true, "is_batch_item": false}
{"id": 404890, "name": "FRITGÅENDE KYLLING", "underline": "1100 GR. / 1100-1500G, ROKKEDAHL", "age_limit": null, "hazard_precaution_statements": [], "labels": [{"id": 70, "name": "Dansk", "image": "https://static-assets.digital.rema1000.dk/product/labels/70-64.webp"}, {"id": 190, "name": "Anbefalet af Dyrenes Beskyttelse", "image": "https://static-assets.digital.rema1000.dk/product/labels/190-64.webp"}, {"id": 203, "name": "Bedre dyrevelfærd 3", "image": "https://static-assets.digital.rema1000.dk/product/labels/203-64.webp"}], "description": null, "info": "Født i: Danmark\nOpvokset i: Danmark\nSlagtet i: Danmark\nSkåret i: Danmark", "images": [{"small": "https://rema-product-images.digital.rema1000.dk/404890/1-small-kAonrZBMox.webp", "medium": "https://rema-product-images.digital.rema1000.dk/404890/1-medium-kAonrZBMox.webp", "large": "https://rema-product-images.digital.rema1000.dk/404890/1-large-kAonrZBMox.webp"}], "prices": [{"price": 79, "price_over_max_quantity": null, "max_quantity": null, "is_advertised": false, "is_campaign": false, "starting_at": "2023-06-15T00:00:00+00:00", "ending_at": "2025-09-13T00:00:00+00:00", "deposit": null, "compare_unit": "kg", "compare_unit_price": 71.82, "consumption_unit": null, "consumption_quantity": null}], "temperature_zone": "refrigerated_5_degrees_celsius", "is_self_scale_item": false, "is_weight_item": false, "is_available_in_all_stores": true, "is_batch_item": false}
{"id": 404891, "name": "KYLLINGEBRYST 180-320G", "underline": "180 GR. / FRITGÅENDE KYLLING, ROKKEDAHL 1-3 STK", "age_limit": null, "hazard_precaution_statements": [], "labels": [{"id": 40, "name": "Nøglehul", "image": "https://static-assets.digital.rema1000.dk/product/labels/40-64.webp"}, {"id": 70, "name": "Dansk", "image": "https://static-assets.digital.rema1000.dk/product/labels/70-64.webp"}, {"id": 190, "name": "Anbefalet af Dyrenes Beskyttelse", "image": "https://static-assets.digital.rema1000.dk/product/labels/190-64.webp"}, {"id": 203, "name": "Bedre dyrevelfærd 3", "image": "https://static-assets.digital.rema1000.dk/product/labels/203-64.webp"}], "description": null, "info": "Født i: Danmark\nOpvokset i: Danmark\nSlagtet i: Danmark\nSkåret i: Danmark", "images": [{"small": "https://rema-product-images.digital.rema1000.dk/404891/1-small-3MoMLJ0eP5.webp", "medium": "https://rema-product-images.digital.rema1000.dk/404891/1-medium-3MoMLJ0eP5.webp", "large": "https://rema-product-images.digital.rema1000.dk/404891/1-large-3MoMLJ0eP5.webp"}], "prices": [{"price": 39.95, "price_over_max_quantity": null, "max_quantity": null, "is_advertised": false, "is_campaign": false, "starting_at": "2025-07-31T00:00:00+00:00", "ending_at": "2025-09-13T00:00:00+00:00", "deposit": null, "compare_unit": "kg", "compare_unit_price": 221.94, "consumption_unit": null, "consumption_quantity": null}], "temperature_zone": "refrigerated_5_degrees_celsius", "is_self_scale_item": false, "is_weight_item": false, "is_available_in_all_stores": true, "is_batch_item": false}
{"id": 404892, "name": "HELE KYLLINGELÅR 475-620G", "underline": "475 GR. / FRITGÅENDE KYLLING, ROKKEDAHL 2-3 STK", "age_limit": null, "hazard_precaution_statements": [], "labels": [{"id": 40, "name": "Nøglehul", "image": "https://static-assets.digital.rema1000.dk/product/labels/40-64.webp"}, {"id": 70, "name": "Dansk", "image": "https://static-assets.digital.rema1000.dk/product/labels/70-64.webp"}, {"id": 190, "name": "Anbefalet af Dyrenes Beskyttelse", "image": "https://static-assets.digital.rema1000.dk/product/labels/190-64.webp"}, {"id": 203, "name": "Bedre dyrevelfærd 3", "image": "https://static-assets.digital.rema1000.dk/product/labels/203-64.webp"}], "description": null, "info": "Født i: Danmark\nOpvokset i: Danmark\nSlagtet i: Danmark\nSkåret i: Danmark", "images": [{"small": "https://rema-product-images.digital.rema1000.dk/404892/1-small-OJq5vW5v9p.webp", "medium": "https://rema-product-images.digital.rema1000.dk/404892/1-medium-OJq5vW5v9p.webp", "large": "https://rema-product-images.digital.rema1000.dk/404892/1-large-OJq5vW5v9p.webp"}], "prices": [{"price": 39.95, "price_over_max_quantity": null, "max_quantity": null, "is_advertised": false, "is_campaign": false, "starting_at": "2025-07-31T00:00:00+00:00", "ending_at": "2025-09-13T00:00:00+00:00", "deposit": null, "compare_unit": "kg", "compare_unit_price": 84.11, "consumption_unit": null, "consumption_quantity": null}], "temperature_zone": "refrigerated_5_degrees_celsius", "is_self_scale_item": false, "is_weight_item": false, "is_available_in_all_stores": true, "is_batch_item": false}
{"id": 404893, "name": "KYLLINGEVINGER", "underline": "500 GR. / FRITGÅENDE KYLLING, ROKKEDAHL", "age_limit": null, "hazard_precaution_statements": [], "labels": [{"id": 70, "name": "Dansk", "image": "https://static-assets.digital.rema1000.dk/product/labels/70-64.webp"}, {"id": 190, "name": "Anbefalet af Dyrenes Beskyttelse", "image": "https://static-assets.digital.rema1000.dk/product/labels/190-64.webp"}, {"id": 203, "name": "Bedre dyrevelfærd 3", "image": "https://static-assets.digital.rema1000.dk/product/labels/203-64.webp"}], "description": null, "info": "Født i: Danmark\nOpvokset i: Danmark\nSlagtet i: Danmark\nSkåret i: Danmark", "images": [{"small": "https://rema-product-images.digital.rema1000.dk/404893/1-small-xQq8WJ6aoZ.webp", "medium": "https://rema-product-images.digital.rema1000.dk/404893/1-medium-xQq8WJ6aoZ.webp", "large": "https://rema-product-images.digital.rema1000.dk/404893/1-large-xQq8WJ6aoZ.webp"}], "prices": [{"price": 29, "price_over_max_quantity": null, "max_quantity": null, "is_advertised": false, "is_campaign": false, "starting_at": "2022-09-15T00:00:00+00:00", "ending_at": "2099-12-31T00:00:00+00:00", "deposit": null, "compare_unit": "kg", "compare_unit_price": 58, "consumption_unit": null, "consumption_quantity": null}], "temperature_zone": "refrigerated_5_degrees_celsius", "is_self_scale_item": false, "is_weight_item": false, "is_available_in_all_stores": true, "is_batch_item": false}
{"id": 404899, "name": "HK. KYLLINGEKØD 7-10%", "underline": "400 GR. / REMA 1000", "age_limit": null, "hazard_precaution_statements": [], "labels": [{"id": 9001, "name": "Avisvare", "image": "https://static-assets.digital.rema1000.dk/product/labels/9001-64.webp"}, {"id": 40, "name": "Nøglehul", "image": "https://static-assets.digital.rema1000.dk/product/labels/40-64.webp"}, {"id": 70, "name": "Dansk", "image": "https://static-assets.digital.rema1000.dk/product/labels/70-64.webp"}, {"id": 201, "name": "Bedre dyrevelfærd 1", "image": "https://static-assets.digital.rema1000.dk/product/labels/201-64.webp"}], "description": "Dansk hakket kyllingekød 7-10% - velegent til wraps, lasagne, frikadeller, mexicansk m.m.", "info": "Født i: Danmark\nOpvokset i: Danmark\nSlagtet i: Danmark\nSkåret i: Danmark", "images": [{"small": "https://rema-product-images.digital.rema1000.dk/404899/1-small-A5qV8JvRPa.webp", "medium": "https://rema-product-images.digital.rema1000.dk/404899/1-medium-A5qV8JvRPa.webp", "large": "https://rema-product-images.digital.rema1000.dk/404899/1-large-A5qV8JvRPa.webp"}], "prices": [{"price": 25, "price_over_max_quantity": 37.95, "max_quantity": 6, "is_advertised": true, "is_campaign": true, "starting_at": "2025-08-17T00:00:00+00:00", "ending_at": "2025-08-23T00:00:00+00:00", "deposit": null, "compare_unit": "kg", "compare_unit_price": 62.5, "consumption_unit": null, "consumption_quantity": null}], "temperature_zone": "refrigerated_5_degrees_celsius", "is_self_scale_item": false, "is_weight_item": false, "is_available_in_all_stores": true, "is_batch_item": false}
{"id": 404900, "name": "HK. KYLLINGEKØD  4-7%", "underline": "400 GR. / DANSK", "age_limit": null, "hazard_precaution_statements": [], "labels": [{"id": 40, "name": "Nøglehul", "image": "https://static-assets.digital.rema1000.dk/product/labels/40-64.webp"}, {"id": 70, "name": "Dansk", "image": "https://static-assets.digital.rema1000.dk/product/labels/70-64.webp"}, {"id": 201, "name": "Bedre dyrevelfærd 1", "image": "https://static-assets.digital.rema1000.dk/product/labels/201-64.webp"}], "description": "Dansk hakket magert kyllingekød max 5% - velegent til wraps, lasagne, frikadeller, mexicansk m.m.", "info": "Født i: Danmark\nOpvokset i: Danmark\nSlagtet i: Danmark\nSkåret i: Danmark", "images": [{"small": "https://rema-product-images.digital.rema1000.dk/404900/1-small-xePwxWYdow.webp", "medium": "https://rema-product-images.digital.rema1000.dk/404900/1-medium-xePwxWYdow.webp", "large": "https://rema-product-images.digital.rema1000.dk/404900/1-large-xePwxWYdow.webp"}], "prices": [{"price": 41.95, "price_over_max_quantity": null, "max_quantity": null, "is_advertised": false, "is_campaign": false, "starting_at": "2025-07-31T00:00:00+00:00", "ending_at": "2025-08-23T00:00:00+00:00", "deposit": null, "compare_unit": "kg", "compare_unit_price": 104.88, "consumption_unit": null, "consumption_quantity": null}], "temperature_zone": "refrigerated_5_degrees_celsius", "is_self_scale_item": false, "is_weight_item": false, "is_available_in_all_stores": true, "is_batch_item": false}
{"id": 404903, "name": "KYLLINGELÅRFILET", "underline": "400 GR. / DANSK", "age_limit": null, "hazard_precaution_statements": [], "labels": [{"id": 40, "name": "Nøglehul", "image": "https://static-assets.digital.rema1000.dk/product/labels/40-64.webp"}, {"id": 70, "name": "Dansk", "image": "https://static-assets.digital.rema1000.dk/product/labels/70-64.webp"}, {"id": 201, "name": "Bedre dyrevelfærd 1", "image": "https://static-assets.digital.rema1000.dk/product/labels/201-64.webp"}], "description": "Dansk kyllinge lårfilet, er et udbenet overlår. En udskæring med masser af smag, men ikke så regulært et stykke kød som en brystfilet.", "info": "Født i: Danmark\nOpvokset i: Danmark\nSlagtet i: Danmark\nSkåret i: Danmark", "images": [{"small": "https://rema-product-images.digital.rema1000.dk/404903/1-small-3MoMLJ04P5.webp", "medium": "https://rema-product-images.digital.rema1000.dk/404903/1-medium-3MoMLJ04P5.webp", "large": "https://rema-product-images.digital.rema1000.dk/404903/1-large-3MoMLJ04P5.webp"}], "prices": [{"price": 36.95, "price_over_max_quantity": null, "max_quantity": null, "is_advertised": false, "is_campaign": false, "starting_at": "2025-07-03T00:00:00+00:00", "ending_at": "2025-08-27T00:00:00+00:00", "deposit": null, "compare_unit": "kg", "compare_unit_price": 92.38, "consumption_unit": null, "consumption_quantity": null}], "temperature_zone": "refrigerated_5_degrees_celsius", "is_self_scale_item": false, "is_weight_item": false, "is_available_in_all_stores": true, "is_batch_item": false}
{"id": 404916, "name": "KYLLINGE LÅRSTEAK", "underline": "350 GR. / DANSK", "age_limit": null, "hazard_precaution_statements": [], "labels": [{"id": 70, "name": "Dansk", "image": "https://static-assets.digital.rema1000.dk/product/labels/70-64.webp"}, {"id": 201, "name": "Bedre dyrevelfærd 1", "image": "https://static-assets.digital.rema1000.dk/product/labels/201-64.webp"}], "description": null, "info": "", "images": [{"small": "https://rema-product-images.digital.rema1000.dk/404916/1-small-6xqA8JdEoD.webp", "medium": "https://rema-product-images.digital.rema1000.dk/404916/1-medium-6xqA8JdEoD.webp", "large": "https://rema-product-images.digital.rema1000.dk/404916/1-large-6xqA8JdEoD.webp"}], "prices": [{"price": 34.95, "price_over_max_quantity": null, "max_quantity": null, "is_advertised": false, "is_campaign": false, "starting_at": "2025-07-31T00:00:00+00:00", "ending_at": "2025-08-30T00:00:00+00:00", "deposit": null, "compare_unit": "kg", "compare_unit_price": 99.86, "consumption_unit": null, "consumption_quantity": null}], "temperature_zone": "refrigerated_5_degrees_celsius", "is_self_scale_item": false, "is_weight_item": false, "is_available_in_all_stores": true, "is_batch_item": false}
{"id": 404918, "name": "KYLLINGESPYD MED BBQ", "underline": "230 GR. / REMA 1000", "age_limit": null, "hazard_precaution_statements": [], "labels": [{"id": 40, "name": "Nøglehul", "image": "https://static-assets.digital.rema1000.dk/product/labels/40-64.webp"}, {"id": 70, "name": "Dansk", "image": "https://static-assets.digital.rema1000.dk/product/labels/70-64.webp"}, {"id": 201, "name": "Bedre dyrevelfærd 1", "image": "https://static-assets.digital.rema1000.dk/product/labels/201-64.webp"}], "description": null, "info": "Født i: Danmark\nOpvokset i: Danmark\nSlagtet i: Danmark\nSkåret i: Danmark", "images": [{"small": "https://rema-product-images.digital.rema1000.dk/404918/1-small-2B94W2M6qk.webp", "medium": "https://rema-product-images.digital.rema1000.dk/404918/1-medium-2B94W2M6qk.webp", "large": "https://rema-product-images.digital.rema1000.dk/404918/1-large-2B94W2M6qk.webp"}], "prices": [{"price": 36.95, "price_over_max_quantity": null, "max_quantity": null, "is_advertised": false, "is_campaign": false, "starting_at": "2025-07-31T00:00:00+00:00", "ending_at": "2099-12-31T00:00:00+00:00", "deposit": null, "compare_unit": "kg", "compare_unit_price": 160.65, "consumption_unit": null, "consumption_quantity": null}], "temperature_zone": "refrigerated_5_degrees_celsius", "is_self_scale_item": false, "is_weight_item": false, "is_available_in_all_stores": true, "is_batch_item": false}
{"id": 404926, "name": "KYLLINGEBRYST I TERN", "underline": "250 GR. / DANSK KYLLING", "age_limit": null, "hazard_precaution_statements": [], "labels": [{"id": 9001, "name": "Avisvare", "image": "https://static-assets.digital.rema1000.dk/product/labels/9001-64.webp"}, {"id": 40, "name": "Nøglehul", "image": "https://static-assets.digital.rema1000.dk/product/labels/40-64.webp"}, {"id": 70, "name": "Dansk", "image": "https://static-assets.digital.rema1000.dk/product/labels/70-64.webp"}, {"id": 201, "name": "Bedre dyrevelfærd 1", "image": "https://static-assets.digital.rema1000.dk/product/labels/201-64.webp"}], "description": null, "info": "Født i: Danmark\nOpvokset i: Danmark\nSlagtet i: Danmark\nSkåret i: Danmark", "images": [{"small": "https://rema-product-images.digital.rema1000.dk/404926/1-small-kOq3rDn8o6.webp", "medium": "https://rema-product-images.digital.rema1000.dk/404926/1-medium-kOq3rDn8o6.webp", "large": "https://rema-product-images.digital.rema1000.dk/404926/1-large-kOq3rDn8o6.webp"}], "prices": [{"price": 29, "price_over_max_quantity": 32.95, "max_quantity": 6, "is_advertised": true, "is_campaign": true, "starting_at": "2025-08-17T00:00:00+00:00", "ending_at": "2025-08-23T00:00:00+00:00", "deposit": null, "compare_unit": "kg", "compare_unit_price": 116, "consumption_unit": null, "consumption_quantity": null}], "temperature_zone": "refrigerated_5_degrees_celsius", "is_self_scale_item": false, "is_weight_item": false, "is_available_in_all_stores": true, "is_batch_item": false}
{"id": 404943, "name": "DANSK ØKO KYLLING", "underline": "1100 GR. / 1100-1400 G", "age_limit": null, "hazard_precaution_statements": [], "labels": [{"id": 9001, "name": "Avisvare", "image": "https://static-assets.digital.rema1000.dk/product/labels/9001-64.webp"}, {"id": 5, "name": "Økologi", "image": "https://static-assets.digital.rema1000.dk/product/labels/5-64.webp"}, {"id": 6, "name": "Økologi", "image": "https://static-assets.digital.rema1000.dk/product/labels/6-64.webp"}, {"id": 70, "name": "Dansk", "image": "https://static-assets.digital.rema1000.dk/product/labels/70-64.webp"}, {"id": 190, "name": "Anbefalet af Dyrenes Beskyttelse", "image": "https://static-assets.digital.rema1000.dk/product/labels/190-64.webp"}, {"id": 203, "name": "Bedre dyrevelfærd 3", "image": "https://static-assets.digital.rema1000.dk/product/labels/203-64.webp"}], "description": null, "info": "Født i: Danmark\nOpvokset i: Danmark\nSlagtet i: Danmark\nSkåret i: Danmark", "images": [{"small": "https://rema-product-images.digital.rema1000.dk/404943/1-small-dyomVzYLqV.webp", "medium": "https://rema-product-images.digital.rema1000.dk/404943/1-medium-dyomVzYLqV.webp", "large": "https://rema-product-images.digital.rema1000.dk/404943/1-large-dyomVzYLqV.webp"}], "prices": [{"price": 99, "price_over_max_quantity": null, "max_quantity": null, "is_advertised": true, "is_campaign": true, "starting_at": "2025-08-17T00:00:00+00:00", "ending_at": "2025-08-23T00:00:00+00:00", "deposit": null, "compare_unit": "kg", "compare_unit_price": 90, "consumption_unit": null, "consumption_quantity": null}, {"price": 149, "price_over_max_quantity": null, "max_quantity": null, "is_advertised": false, "is_campaign": false, "starting_at": "2025-08-24T00:00:00+00:00", "ending_at": "2099-12-31T00:00:00+00:00", "deposit": null, "compare_unit": "kg", "compare_unit_price": 135.45, "consumption_unit": null, "consumption_quantity": null}], "temperature_zone": "refrigerated_5_degrees_celsius", "is_self_scale_item": false, "is_weight_item": false, "is_available_in_all_stores": false, "is_batch_item": false}
{"id": 404944, "name": "DANSK ØKO KYLLINGEBRYST", "underline": "160 GR. / 160-250 G", "age_limit": null, "hazard_precaution_statements": [], "labels": [{"id": 9001, "name": "Avisvare", "image": "https://static-assets.digital.rema1000.dk/product/labels/9001-64.webp"}, {"id": 5, "name": "Økologi", "image": "https://static-assets.digital.rema1000.dk/product/labels/5-64.webp"}, {"id": 6, "name": "Økologi", "image": "https://static-assets.digital.rema1000.dk/product/labels/6-64.webp"}, {"id": 40, "name": "Nøglehul", "image": "https://static-assets.digital.rema1000.dk/product/labels/40-64.webp"}, {"id": 70, "name": "Dansk", "image": "https://static-assets.digital.rema1000.dk/product/labels/70-64.webp"}, {"id": 190, "name": "Anbefalet af Dyrenes Beskyttelse", "image": "https://static-assets.digital.rema1000.dk/product/labels/190-64.webp"}, {"id": 203, "name": "Bedre dyrevelfærd 3", "image": "https://static-assets.digital.rema1000.dk/product/labels/203-64.webp"}], "description": null, "info": "Født i: Danmark\nOpvokset i: Danmark\nSlagtet i: Danmark\nSkåret i: Danmark", "images": [{"small": "https://rema-product-images.digital.rema1000.dk/404944/1-small-xePwxWndow.webp", "medium": "https://rema-product-images.digital.rema1000.dk/404944/1-medium-xePwxWndow.webp", "large": "https://rema-product-images.digital.rema1000.dk/404944/1-large-xePwxWndow.webp"}], "prices": [{"price": 49, "price_over_max_quantity": null, "max_quantity": null, "is_advertised": true, "is_campaign": true, "starting_at": "2025-08-17T00:00:00+00:00", "ending_at": "2025-08-23T00:00:00+00:00", "deposit": null, "compare_unit": "kg", "compare_unit_price": 306.25, "consumption_unit": null, "consumption_quantity": null}, {"price": 69.95, "price_over_max_quantity": null, "max_quantity": null, "is_advertised": false, "is_campaign": false, "starting_at": "2025-08-24T00:00:00+00:00", "ending_at": "2099-12-31T00:00:00+00:00", "deposit": null, "compare_unit": "kg", "compare_unit_price": 437.19, "consumption_unit": null, "consumption_quantity": null}], "temperature_zone": "refrigerated_5_degrees_celsius", "is_self_scale_item": false, "is_weight_item": false, "is_available_in_all_stores": false, "is_batch_item": false}
{"id": 404945, "name": "DANSKE ØKO KYLLINGELÅR", "underline": "440 GR. / 440-520 G", "age_limit": null, "hazard_precaution_statements": [], "labels": [{"id": 9001, "name": "Avisvare", "image": "https://static-assets.digital.rema1000.dk/product/labels/9001-64.webp"}, {"id": 5, "name": "Økologi", "image": "https://static-assets.digital.rema1000.dk/product/labels/5-64.webp"}, {"id": 6, "name": "Økologi", "image": "https://static-assets.digital.rema1000.dk/product/labels/6-64.webp"}, {"id": 70, "name": "Dansk", "image": "https://static-assets.digital.rema1000.dk/product/labels/70-64.webp"}, {"id": 190, "name": "Anbefalet af Dyrenes Beskyttelse", "image": "https://static-assets.digital.rema1000.dk/product/labels/190-64.webp"}, {"id": 203, "name": "Bedre dyrevelfærd 3", "image": "https://static-assets.digital.rema1000.dk/product/labels/203-64.webp"}], "description": null, "info": "Født i: Danmark\nOpvokset i: Danmark\nSlagtet i: Danmark\nSkåret i: Danmark", "images": [{"small": "https://rema-product-images.digital.rema1000.dk/404945/1-small-ElPBrJpnPk.webp", "medium": "https://rema-product-images.digital.rema1000.dk/404945/1-medium-ElPBrJpnPk.webp", "large": "https://rema-product-images.digital.rema1000.dk/404945/1-large-ElPBrJpnPk.webp"}], "prices": [{"price": 49, "price_over_max_quantity": null, "max_quantity": null, "is_advertised": true, "is_campaign": true, "starting_at": "2025-08-17T00:00:00+00:00", "ending_at": "2025-08-23T00:00:00+00:00", "deposit": null, "compare_unit": "kg", "compare_unit_price": 111.36, "consumption_unit": null, "consumption_quantity": null}, {"price": 69.95, "price_over_max_quantity": null, "max_quantity": null, "is_advertised": false, "is_campaign": false, "starting_at": "2025-08-24T00:00:00+00:00", "ending_at": "2099-12-31T00:00:00+00:00", "deposit": null, "compare_unit": "kg", "compare_unit_price": 158.98, "consumption_unit": null, "consumption_quantity": null}], "temperature_zone": "refrigerated_5_degrees_celsius", "is_self_scale_item": false, "is_weight_item": false, "is_available_in_all_stores": false, "is_batch_item": false}
{"id": 404954, "name": "KYLLINGEBRYST M. BBQ", "underline": "325 GR. / DANSK", "age_limit": null, "hazard_precaution_statements": [], "labels": [{"id": 40, "name": "Nøglehul", "image": "https://static-assets.digital.rema1000.dk/product/labels/40-64.webp"}, {"id": 70, "name": "Dansk", "image": "https://static-assets.digital.rema1000.dk/product/labels/70-64.webp"}, {"id": 201, "name": "Bedre dyrevelfærd 1", "image": "https://static-assets.digital.rema1000.dk/product/labels/201-64.webp"}], "description": null, "info": "", "images": [{"small": "https://rema-product-images.digital.rema1000.dk/404954/1-small-Al90zOK7o8.webp", "medium": "https://rema-product-images.digital.rema1000.dk/404954/1-medium-Al90zOK7o8.webp", "large": "https://rema-product-images.digital.rema1000.dk/404954/1-large-Al90zOK7o8.webp"}], "prices": [{"price": 41.95, "price_over_max_quantity": null, "max_quantity": null, "is_advertised": false, "is_campaign": false, "starting_at": "2025-07-31T00:00:00+00:00", "ending_at": "2025-09-06T00:00:00+00:00", "deposit": null, "compare_unit": "kg", "compare_unit_price": 129.08, "consumption_unit": null, "consumption_quantity": null}], "temperature_zone": "refrigerated_5_degrees_celsius", "is_self_scale_item": false, "is_weight_item": false, "is_available_in_all_stores": true, "is_batch_item": false}
{"id": 404957, "name": "GRILLVINGER MED BBQ", "underline": "500 GR. / GRILL - DANSK", "age_limit": null, "hazard_precaution_statements": [], "labels": [{"id": 70, "name": "Dansk", "image": "https://static-assets.digital.rema1000.dk/product/labels/70-64.webp"}, {"id": 201, "name": "Bedre dyrevelfærd 1", "image": "https://static-assets.digital.rema1000.dk/product/labels/201-64.webp"}], "description": null, "info": "", "images": [{"small": "https://rema-product-images.digital.rema1000.dk/404957/1-small-wyPbaVnW9E.webp", "medium": "https://rema-product-images.digital.rema1000.dk/404957/1-medium-wyPbaVnW9E.webp", "large": "https://rema-product-images.digital.rema1000.dk/404957/1-large-wyPbaVnW9E.webp"}], "prices": [{"price": 29, "price_over_max_quantity": null, "max_quantity": null, "is_advertised": false, "is_campaign": false, "starting_at": "2023-03-01T00:00:00+00:00", "ending_at": "2099-12-31T00:00:00+00:00", "deposit": null, "compare_unit": "kg", "compare_unit_price": 58, "consumption_unit": null, "consumption_quantity": null}], "temperature_zone": "refrigerated_5_degrees_celsius", "is_self_scale_item": false, "is_weight_item": false, "is_available_in_all_stores": false, "is_batch_item": false}
{"id": 404961, "name": "KYLLINGELÅR M. BBQ", "underline": "800 GR. / DANSK", "age_limit": null, "hazard_precaution_statements": [], "labels": [{"id": 70, "name": "Dansk", "image": "https://static-assets.digital.rema1000.dk/product/labels/70-64.webp"}, {"id": 201, "name": "Bedre dyrevelfærd 1", "image": "https://static-assets.digital.rema1000.dk/product/labels/201-64.webp"}], "description": null, "info": "Født i: Danmark\nOpvokset i: Danmark\nSlagtet i: Danmark\nSkåret i: Danmark", "images": [{"small": "https://rema-product-images.digital.rema1000.dk/404961/1-small-Z8qp71N0o3.webp", "medium": "https://rema-product-images.digital.rema1000.dk/404961/1-medium-Z8qp71N0o3.webp", "large": "https://rema-product-images.digital.rema1000.dk/404961/1-large-Z8qp71N0o3.webp"}], "prices": [{"price": 39.95, "price_over_max_quantity": null, "max_quantity": null, "is_advertised": false, "is_campaign": false, "starting_at": "2025-05-08T00:00:00+00:00", "ending_at": "2099-12-31T00:00:00+00:00", "deposit": null, "compare_unit": "kg", "compare_unit_price": 49.94, "consumption_unit": null, "consumption_quantity": null}], "temperature_zone": "refrigerated_5_degrees_celsius", "is_self_scale_item": false, "is_weight_item": false, "is_available_in_all_stores": true, "is_batch_item": false}
{"id": 404966, "name": "LÅR M. HAVSALT & PEBER", "underline": "825 GR. / GRILL - DANSK", "age_limit": null, "hazard_precaution_statements": [], "labels": [{"id": 70, "name": "Dansk", "image": "https://static-assets.digital.rema1000.dk/product/labels/70-64.webp"}, {"id": 201, "name": "Bedre dyrevelfærd 1", "image": "https://static-assets.digital.rema1000.dk/product/labels/201-64.webp"}], "description": null, "info": "Født i: Danmark\nOpvokset i: Danmark\nSlagtet i: Danmark\nSkåret i: Danmark", "images": [{"small": "https://rema-product-images.digital.rema1000.dk/404966/1-small-pyozbn8LoX.webp", "medium": "https://rema-product-images.digital.rema1000.dk/404966/1-medium-pyozbn8LoX.webp", "large": "https://rema-product-images.digital.rema1000.dk/404966/1-large-pyozbn8LoX.webp"}], "prices": [{"price": 39.95, "price_over_max_quantity": null, "max_quantity": null, "is_advertised": false, "is_campaign": false, "starting_at": "2025-05-08T00:00:00+00:00", "ending_at": "2099-12-31T00:00:00+00:00", "deposit": null, "compare_unit": "kg", "compare_unit_price": 48.42, "consumption_unit": null, "consumption_quantity": null}], "temperature_zone": "refrigerated_5_degrees_celsius", "is_self_scale_item": false, "is_weight_item": false, "is_available_in_all_stores": true, "is_batch_item": false}
{"id": 404969, "name": "HEL KYLLING", "underline": "1350 GR. / DANSK", "age_limit": null, "hazard_precaution_statements": [], "labels": [{"id": 40, "name": "Nøglehul", "image": "https://static-assets.digital.rema1000.dk/product/labels/40-64.webp"}, {"id": 70, "name": "Dansk", "image": "https://static-assets.digital.rema1000.dk/product/labels/70-64.webp"}, {"id": 201, "name": "Bedre dyrevelfærd 1", "image": "https://static-assets.digital.rema1000.dk/product/labels/201-64.webp"}], "description": "Dansk hel kylling", "info": "Født i: Danmark\nOpvokset i: Danmark\nSlagtet i: Danmark\nSkåret i: Danmark", "images": [{"small": "https://rema-product-images.digital.rema1000.dk/404969/1-small-Ea910adWqz.webp", "medium": "https://rema-product-images.digital.rema1000.dk/404969/1-medium-Ea910adWqz.webp", "large": "https://rema-product-images.digital.rema1000.dk/404969/1-large-Ea910adWqz.webp"}], "prices": [{"price": 69.95, "price_over_max_quantity": null, "max_quantity": null, "is_advertised": false, "is_campaign": false, "starting_at": "2025-07-03T00:00:00+00:00", "ending_at": "2025-08-23T00:00:00+00:00", "deposit": null, "compare_unit": "kg", "compare_unit_price": 51.81, "consumption_unit": null, "consumption_quantity": null}], "temperature_zone": "refrigerated_5_degrees_celsius", "is_self_scale_item": false, "is_weight_item": false, "is_available_in_all_stores": true, "is_batch_item": false}
{"id": 404982, "name": "KYLLINGEOVERLÅR", "underline": "800 GR. / DANSK", "age_limit": null, "hazard_precaution_statements": [], "labels": [{"id": 9001, "name": "Avisvare", "image": "https://static-assets.digital.rema1000.dk/product/labels/9001-64.webp"}, {"id": 70, "name": "Dansk", "image": "https://static-assets.digital.rema1000.dk/product/labels/70-64.webp"}, {"id": 201, "name": "Bedre dyrevelfærd 1", "image": "https://static-assets.digital.rema1000.dk/product/labels/201-64.webp"}], "description": "Danske kyllingeoverlår", "info": "Født i: Danmark\nOpvokset i: Danmark\nSlagtet i: Danmark\nSkåret i: Danmark", "images": [{"small": "https://rema-product-images.digital.rema1000.dk/404982/1-small-MBoNXJV09v.webp", "medium": "https://rema-product-images.digital.rema1000.dk/404982/1-medium-MBoNXJV09v.webp", "large": "https://rema-product-images.digital.rema1000.dk/404982/1-large-MBoNXJV09v.webp"}], "prices": [{"price": 29, "price_over_max_quantity": 39.95, "max_quantity": 6, "is_advertised": true, "is_campaign": true, "starting_at": "2025-08-17T00:00:00+00:00", "ending_at": "2025-08-23T00:00:00+00:00", "deposit": null, "compare_unit": "kg", "compare_unit_price": 36.25, "consumption_unit": null, "consumption_quantity": null}, {"price": 39.95, "price_over_max_quantity": null, "max_quantity": null, "is_advertised": false, "is_campaign": false, "starting_at": "2025-08-24T00:00:00+00:00", "ending_at": "2025-08-30T00:00:00+00:00", "deposit": null, "compare_unit": "kg", "compare_unit_price": 49.94, "consumption_unit": null, "consumption_quantity": null}], "temperature_zone": "refrigerated_5_degrees_celsius", "is_self_scale_item": false, "is_weight_item": false, "is_available_in_all_stores": true, "is_batch_item": false}
{"id": 404983, "name": "KYLLINGEUNDERLÅR", "underline": "700 GR. / DANSK", "age_limit": null, "hazard_precaution_statements": [], "labels": [{"id": 9001, "name": "Avisvare", "image": "https://static-assets.digital.rema1000.dk/product/labels/9001-64.webp"}, {"id": 40, "name": "Nøglehul", "image": "https://static-assets.digital.rema1000.dk/product/labels/40-64.webp"}, {"id": 70, "name": "Dansk", "image": "https://static-assets.digital.rema1000.dk/product/labels/70-64.webp"}, {"id": 201, "name": "Bedre dyrevelfærd 1", "image": "https://static-assets.digital.rema1000.dk/product/labels/201-64.webp"}], "description": "Danske kyllingeunderlår", "info": "Født i: Danmark\nOpvokset i: Danmark\nSlagtet i: Danmark\nSkåret i: Danmark", "images": [{"small": "https://rema-product-images.digital.rema1000.dk/404983/1-small-zOPlyYL0oR.webp", "medium": "https://rema-product-images.digital.rema1000.dk/404983/1-medium-zOPlyYL0oR.webp", "large": "https://rema-product-images.digital.rema1000.dk/404983/1-large-zOPlyYL0oR.webp"}], "prices": [{"price": 29, "price_over_max_quantity": 39.95, "max_quantity": 6, "is_advertised": true, "is_campaign": true, "starting_at": "2025-08-17T00:00:00+00:00", "ending_at": "2025-08-23T00:00:00+00:00", "deposit": null, "compare_unit": "kg", "compare_unit_price": 41.43, "consumption_unit": null, "consumption_quantity": null}, {"price": 39.95, "price_over_max_quantity": null, "max_quantity": null, "is_advertised": false, "is_campaign": false, "starting_at": "2025-08-24T00:00:00+00:00", "ending_at": "2025-08-30T00:00:00+00:00", "deposit": null, "compare_unit": "kg", "compare_unit_price": 57.07, "consumption_unit": null, "consumption_quantity": null}], "temperature_zone": "refrigerated_5_degrees_celsius", "is_self_scale_item": false, "is_weight_item": false, "is_available_in_all_stores": true, "is_batch_item": false}
{"id": 404994, "name": "KYLLINGEINDERFILET", "underline": "300 GR. / DANSK", "age_limit": null, "hazard_precaution_statements": [], "labels": [{"id": 40, "name": "Nøglehul", "image": "https://static-assets.digital.rema1000.dk/product/labels/40-64.webp"}, {"id": 70, "name": "Dansk", "image": "https://static-assets.digital.rema1000.dk/product/labels/70-64.webp"}, {"id": 201, "name": "Bedre dyrevelfærd 1", "image": "https://static-assets.digital.rema1000.dk/product/labels/201-64.webp"}], "description": "Dansk kyllingeinderfilet - nemt til wok, mexicansk, svøbt i bacon eller på grillspyd !", "info": "Født i: Danmark\nOpvokset i: Danmark\nSlagtet i: Danmark\nSkåret i: Danmark", "images": [{"small": "https://rema-product-images.digital.rema1000.dk/404994/1-small-vVor0OaJ93.webp", "medium": "https://rema-product-images.digital.rema1000.dk/404994/1-medium-vVor0OaJ93.webp", "large": "https://rema-product-images.digital.rema1000.dk/404994/1-large-vVor0OaJ93.webp"}], "prices": [{"price": 37.95, "price_over_max_quantity": null, "max_quantity": null, "is_advertised": false, "is_campaign": false, "starting_at": "2025-07-03T00:00:00+00:00", "ending_at": "2025-08-27T00:00:00+00:00", "deposit": null, "compare_unit": "kg", "compare_unit_price": 126.5, "consumption_unit": null, "consumption_quantity": null}], "temperature_zone": "refrigerated_5_degrees_celsius", "is_self_scale_item": false, "is_weight_item": false, "is_available_in_all_stores": true, "is_batch_item": false}
{"id": 405070, "name": "LAMMECULOTTE", "underline": "300 GR. / REMA 1000", "age_limit": null, "hazard_precaution_statements": [], "labels": [], "description": "", "info": "Født i: Se varen\nOpvokset i: Se varen\nSlagtet i: Se varen\nSkåret i: Se varen", "images": [{"small": "https://rema-product-images.digital.rema1000.dk/405070/1-small-kOq3rDvno6.webp", "medium": "https://rema-product-images.digital.rema1000.dk/405070/1-medium-kOq3rDvno6.webp", "large": "https://rema-product-images.digital.rema1000.dk/405070/1-large-kOq3rDvno6.webp"}], "prices": [{"price": 79, "price_over_max_quantity": null, "max_quantity": null, "is_advertised": false, "is_campaign": false, "starting_at": "2025-04-10T00:00:00+00:00", "ending_at": "2099-12-31T00:00:00+00:00", "deposit": null, "compare_unit": "kg", "compare_unit_price": 263.33, "consumption_unit": null, "consumption_quantity": null}], "temperature_zone": "refrigerated_5_degrees_celsius", "is_self_scale_item": false, "is_weight_item": false, "is_available_in_all_stores": true, "is_batch_item": false}
{"id": 405100, "name": "STRIPLOIN STEAK", "underline": "180 GR. / SUPREME", "age_limit": null, "hazard_precaution_statements": [], "labels": [], "description": "En rigtig lækker og mør bøf med god fedtkant, skåret af oksefilet fra fritgående kødkvæg af racerne Hereford og Angus, født og opvokset på de store åbne græssletter i Uruguay. Uruguays milde klima gør det muligt at dyrene lever ude hele året rundt - og det er disse levevilkår, som kombineret med Hereford og Angus racerne gør, at kødet får den gode fedtmarmorering. Det er fedtmarmorering som giver bøffen den unikke smag og saftighed - og den efterfølgende modning i minimum 28 dage, er med til at kødet bliver endnu mere mørt og lækkert! ", "info": "Født i: Uruguay\nOpvokset i: Uruguay\nSlagtet i: Uruguay\nSkåret i: Danmark", "images": [{"small": "https://rema-product-images.digital.rema1000.dk/405100/1-small-xePwxWlEow.webp", "medium": "https://rema-product-images.digital.rema1000.dk/405100/1-medium-xePwxWlEow.webp", "large": "https://rema-product-images.digital.rema1000.dk/405100/1-large-xePwxWlEow.webp"}], "prices": [{"price": 65, "price_over_max_quantity": null, "max_quantity": null, "is_advertised": false, "is_campaign": false, "starting_at": "2025-05-29T00:00:00+00:00", "ending_at": "2099-12-31T00:00:00+00:00", "deposit": null, "compare_unit": "kg", "compare_unit_price": 361.11, "consumption_unit": null, "consumption_quantity": null}], "temperature_zone": "refrigerated_5_degrees_celsius", "is_self_scale_item": false, "is_weight_item": false, "is_available_in_all_stores": false, "is_batch_item": false}
{"id": 405101, "name": "RIBEYE STEAK", "underline": "180 GR. / SUPREME", "age_limit": null, "hazard_precaution_statements": [], "labels": [], "description": "<b>En rigtig lækker og mør bøf med god fedtmamorering, skåret af entrecote fra fritgående kødkvæg af racerne Hereford og Angus, født og opvokset på de store åbne græssletter i Uruguay.</b> Uruguays milde klima der gør det muligt at dyrene lever ude hele året rundt - og det er disse levevilkår, som kobineret med Hereford og Angus racerne gør, at kødet får den gode fedtmarmorering. Det er fedtmarmoreringen som giver bøffen den unikke smag og saftighed - og den efterfølgende modningen i minimum 28 dage, er med til at kødet bliver endnu mere mørt og lækkert !", "info": "Født i: Uruguay\nOpvokset i: Uruguay\nSlagtet i: Uruguay\nSkåret i: Danmark", "images": [{"small": "https://rema-product-images.digital.rema1000.dk/405101/1-small-ElPBrJEXPk.webp", "medium": "https://rema-product-images.digital.rema1000.dk/405101/1-medium-ElPBrJEXPk.webp", "large": "https://rema-product-images.digital.rema1000.dk/405101/1-large-ElPBrJEXPk.webp"}], "prices": [{"price": 79, "price_over_max_quantity": null, "max_quantity": null, "is_advertised": false, "is_campaign": false, "starting_at": "2025-06-19T00:00:00+00:00", "ending_at": "2099-12-31T00:00:00+00:00", "deposit": null, "compare_unit": "kg", "compare_unit_price": 438.89, "consumption_unit": null, "consumption_quantity": null}], "temperature_zone": "refrigerated_5_degrees_celsius", "is_self_scale_item": false, "is_weight_item": false, "is_available_in_all_stores": true, "is_batch_item": false}
{"id": 405102, "name": "RUMP STEAK", "underline": "180 GR. / SUPREME", "age_limit": null, "hazard_precaution_statements": [], "labels": [{"id": 40, "name": "Nøglehul", "image": "https://static-assets.digital.rema1000.dk/product/labels/40-64.webp"}], "description": "En rigtig lækker og mør bøf uden fedtkant, skåret af tykstegen fra fritgående kødkvæg af racerne Hereford og Angus, født og opvokset på de store åbne græssletter i Uruguay. Uruguays milde klima der gør det muligt at dyrene lever ude hele året rundt - og det er disse levevilkår, som kombineret med Hereford og Angus racerne gør, at kødet får den fine fedtmarmorering. Det er fedtmarmorering og kødstrukturen som giver den unikke smag og saftighed - og den efterfølgende modningen i minimum 28 dage, er med til at kødet bliver endnu mere mørt og lækkert !", "info": "Født i: Uruguay\nOpvokset i: Uruguay\nSlagtet i: Uruguay\nSkåret i: Danmark", "images": [{"small": "https://rema-product-images.digital.rema1000.dk/405102/1-small-kAonrZy3ox.webp", "medium": "https://rema-product-images.digital.rema1000.dk/405102/1-medium-kAonrZy3ox.webp", "large": "https://rema-product-images.digital.rema1000.dk/405102/1-large-kAonrZy3ox.webp"}], "prices": [{"price": 59, "price_over_max_quantity": null, "max_quantity": null, "is_advertised": false, "is_campaign": false, "starting_at": "2025-01-09T00:00:00+00:00", "ending_at": "2099-12-31T00:00:00+00:00", "deposit": null, "compare_unit": "kg", "compare_unit_price": 327.78, "consumption_unit": null, "consumption_quantity": null}], "temperature_zone": "refrigerated_5_degrees_celsius", "is_self_scale_item": false, "is_weight_item": false, "is_available_in_all_stores": true, "is_batch_item": false}
{"id": 405151, "name": "CUVETTE", "underline": "1.15 KG. / SUPREME", "age_limit": null, "hazard_precaution_statements": [], "labels": [], "description": "En lækker og mør Cuvettesteg med rigtig god fedtmamorering, fra fritgående kødkvæg af racerne Hereford og Angus, født og opvokset på de store åbne græssletter i Uruguay. Uruguays milde klima der gør det muligt at dyrene lever ude hele året rundt - og det er disse levevilkår, som kombineret med Hereford og Angus racerne gør, at kødet får den fine fedtmarmorering. Det er fedtmarmoreringen som giver kødet den unikke smag og saftighed - og den efterfølgende modningen i minimum 28 dage, er med til at kødet bliver endnu mere mørt og lækkert !", "info": "Født i: Uruguay\nOpvokset i: Uruguay\nSlagtet i: Uruguay\nSkåret i: Uruguay", "images": [{"small": "https://rema-product-images.digital.rema1000.dk/405151/1-small-v09glAxGPA.webp", "medium": "https://rema-product-images.digital.rema1000.dk/405151/1-medium-v09glAxGPA.webp", "large": "https://rema-product-images.digital.rema1000.dk/405151/1-large-v09glAxGPA.webp"}], "prices": [{"price": 275.89, "price_over_max_quantity": null, "max_quantity": null, "is_advertised": false, "is_campaign": false, "starting_at": "2025-08-01T00:00:00+00:00", "ending_at": "2099-12-31T00:00:00+00:00", "deposit": null, "compare_unit": "kg", "compare_unit_price": 239.9, "consumption_unit": null, "consumption_quantity": null}], "temperature_zone": "refrigerated_5_degrees_celsius", "is_self_scale_item": false, "is_weight_item": true, "is_available_in_all_stores": false, "is_batch_item": false}
{"id": 405224, "name": "KALVESTEAK NORDISK MARINADE", "underline": "320 GR. / REMA 1000", "age_limit": null, "hazard_precaution_statements": [], "labels": [{"id": 70, "name": "Dansk", "image": "https://static-assets.digital.rema1000.dk/product/labels/70-64.webp"}, {"id": 202, "name": "Bedre dyrevelfærd 2", "image": "https://static-assets.digital.rema1000.dk/product/labels/202-64.webp"}], "description": null, "info": "", "images": [{"small": "https://rema-product-images.digital.rema1000.dk/405224/1-small-vXodYb0vq3.webp", "medium": "https://rema-product-images.digital.rema1000.dk/405224/1-medium-vXodYb0vq3.webp", "large": "https://rema-product-images.digital.rema1000.dk/405224/1-large-vXodYb0vq3.webp"}], "prices": [{"price": 69, "price_over_max_quantity": null, "max_quantity": null, "is_advertised": false, "is_campaign": false, "starting_at": "2025-08-07T00:00:00+00:00", "ending_at": "2025-08-20T00:00:00+00:00", "deposit": null, "compare_unit": "kg", "compare_unit_price": 215.63, "consumption_unit": null, "consumption_quantity": null}], "temperature_zone": "refrigerated_5_degrees_celsius", "is_self_scale_item": false, "is_weight_item": false, "is_available_in_all_stores": true, "is_batch_item": false}
{"id": 405245, "name": "KALVESTEAK M.URTER", "underline": "350 GR. / GRILL - DANSK", "age_limit": null, "hazard_precaution_statements": [], "labels": [{"id": 40, "name": "Nøglehul", "image": "https://static-assets.digital.rema1000.dk/product/labels/40-64.webp"}, {"id": 70, "name": "Dansk", "image": "https://static-assets.digital.rema1000.dk/product/labels/70-64.webp"}, {"id": 202, "name": "Bedre dyrevelfærd 2", "image": "https://static-assets.digital.rema1000.dk/product/labels/202-64.webp"}], "description": null, "info": "Født i: Danmark\nOpvokset i: Danmark\nSlagtet i: Danmark\nSkåret i: Danmark", "images": [{"small": "https://rema-product-images.digital.rema1000.dk/405245/1-small-ElPBrJAYPk.webp", "medium": "https://rema-product-images.digital.rema1000.dk/405245/1-medium-ElPBrJAYPk.webp", "large": "https://rema-product-images.digital.rema1000.dk/405245/1-large-ElPBrJAYPk.webp"}], "prices": [{"price": 79, "price_over_max_quantity": null, "max_quantity": null, "is_advertised": false, "is_campaign": false, "starting_at": "2025-05-29T00:00:00+00:00", "ending_at": "2025-08-20T00:00:00+00:00", "deposit": null, "compare_unit": "kg", "compare_unit_price": 225.71, "consumption_unit": null, "consumption_quantity": null}], "temperature_zone": "refrigerated_5_degrees_celsius", "is_self_scale_item": false, "is_weight_item": false, "is_available_in_all_stores": true, "is_batch_item": false}
{"id": 405249, "name": "TYKSTEGSBØFFER", "underline": "300 GR. / DANSK UNGKVÆG", "age_limit": null, "hazard_precaution_statements": [], "labels": [{"id": 40, "name": "Nøglehul", "image": "https://static-assets.digital.rema1000.dk/product/labels/40-64.webp"}, {"id": 70, "name": "Dansk", "image": "https://static-assets.digital.rema1000.dk/product/labels/70-64.webp"}], "description": "Tykstegsbøffer af Dansk Ungkvæg - gode bøffer, uden fedtkant.  Dansk Ungkvæg er danske dyr på maximalt 24 måneder, det sikrer en mør og lækker oplevelse hver gang.", "info": "Født i: Danmark\nOpvokset i: Danmark\nSlagtet i: Danmark\nSkåret i: Danmark", "images": [{"small": "https://rema-product-images.digital.rema1000.dk/405249/1-small-xQq8WJeOoZ.webp", "medium": "https://rema-product-images.digital.rema1000.dk/405249/1-medium-xQq8WJeOoZ.webp", "large": "https://rema-product-images.digital.rema1000.dk/405249/1-large-xQq8WJeOoZ.webp"}], "prices": [{"price": 89, "price_over_max_quantity": null, "max_quantity": null, "is_advertised": false, "is_campaign": false, "starting_at": "2025-05-22T00:00:00+00:00", "ending_at": "2025-08-20T00:00:00+00:00", "deposit": null, "compare_unit": "kg", "compare_unit_price": 296.67, "consumption_unit": null, "consumption_quantity": null}], "temperature_zone": "refrigerated_5_degrees_celsius", "is_self_scale_item": false, "is_weight_item": false, "is_available_in_all_stores": true, "is_batch_item": false}
{"id": 405250, "name": "HØJREBSBØFFER", "underline": "360 GR. / DANSK UNGKVÆG", "age_limit": null, "hazard_precaution_statements": [], "labels": [{"id": 70, "name": "Dansk", "image": "https://static-assets.digital.rema1000.dk/product/labels/70-64.webp"}], "description": "Højrebsbøffer af Dansk Ungkvæg - gode bøffer af filet, medt fedtkant. Hvis man ønsker det, kan man fjerne fedtkanten, så har man en god klassisk engelsk bøf. Dansk Ungkvæg er danske dyr på maximalt 24 måneder, det sikre en mør og lækker oplevelse hver gang.", "info": "Født i: Danmark\nOpvokset i: Danmark\nSlagtet i: Danmark\nSkåret i: Danmark", "images": [{"small": "https://rema-product-images.digital.rema1000.dk/405250/1-small-vVor0OB493.webp", "medium": "https://rema-product-images.digital.rema1000.dk/405250/1-medium-vVor0OB493.webp", "large": "https://rema-product-images.digital.rema1000.dk/405250/1-large-vVor0OB493.webp"}], "prices": [{"price": 99, "price_over_max_quantity": null, "max_quantity": null, "is_advertised": false, "is_campaign": false, "starting_at": "2025-05-22T00:00:00+00:00", "ending_at": "2025-08-30T00:00:00+00:00", "deposit": null, "compare_unit": "kg", "compare_unit_price": 275, "consumption_unit": null, "consumption_quantity": null}], "temperature_zone": "refrigerated_5_degrees_celsius", "is_self_scale_item": false, "is_weight_item": false, "is_available_in_all_stores": true, "is_batch_item": false}
{"id": 405270, "name": "HØJREBSFILET", "underline": "1.5 KG. / DANSK UNGKVÆG", "age_limit": null, "hazard_precaution_statements": [], "labels": [{"id": 70, "name": "Dansk", "image": "https://static-assets.digital.rema1000.dk/product/labels/70-64.webp"}], "description": "Filet af Dansk Ungkvæg. En rigtig god dansk oksefilet - velegnet til helstegning eller udskæring i store herrebøffer ! Dansk Ungkvæg er danske dyr på maximalt 24 måneder, det sikre en mør og lækker oplevelse hver gang.", "info": "Født i: Danmark\nOpvokset i: Danmark\nSlagtet i: Danmark\nSkåret i: Danmark", "images": [{"small": "https://rema-product-images.digital.rema1000.dk/405270/1-small-kOq3rDk4o6.webp", "medium": "https://rema-product-images.digital.rema1000.dk/405270/1-medium-kOq3rDk4o6.webp", "large": "https://rema-product-images.digital.rema1000.dk/405270/1-large-kOq3rDk4o6.webp"}], "prices": [{"price": 389.85, "price_over_max_quantity": null, "max_quantity": null, "is_advertised": false, "is_campaign": false, "starting_at": "2025-05-26T00:00:00+00:00", "ending_at": "2025-08-27T00:00:00+00:00", "deposit": null, "compare_unit": "kg", "compare_unit_price": 259.9, "consumption_unit": null, "consumption_quantity": null}], "temperature_zone": "refrigerated_5_degrees_celsius", "is_self_scale_item": false, "is_weight_item": true, "is_available_in_all_stores": true, "is_batch_item": false}
{"id": 405279, "name": "KALVEMØRBRAD", "underline": "1400 GR. / DANSK,  1400-2000G", "age_limit": null, "hazard_precaution_statements": [], "labels": [{"id": 40, "name": "Nøglehul", "image": "https://static-assets.digital.rema1000.dk/product/labels/40-64.webp"}, {"id": 70, "name": "Dansk", "image": "https://static-assets.digital.rema1000.dk/product/labels/70-64.webp"}], "description": null, "info": "Født i: Danmark\nOpvokset i: Danmark\nSlagtet i: Danmark\nSkåret i: Danmark", "images": [{"small": "https://rema-product-images.digital.rema1000.dk/405279/1-small-Gb9kVeLNq7.webp", "medium": "https://rema-product-images.digital.rema1000.dk/405279/1-medium-Gb9kVeLNq7.webp", "large": "https://rema-product-images.digital.rema1000.dk/405279/1-large-Gb9kVeLNq7.webp"}], "prices": [{"price": 399, "price_over_max_quantity": null, "max_quantity": null, "is_advertised": false, "is_campaign": false, "starting_at": "2025-03-06T00:00:00+00:00", "ending_at": "2099-12-31T00:00:00+00:00", "deposit": null, "compare_unit": "kg", "compare_unit_price": 285, "consumption_unit": null, "consumption_quantity": null}], "temperature_zone": "refrigerated_5_degrees_celsius", "is_self_scale_item": false, "is_weight_item": false, "is_available_in_all_stores": false, "is_batch_item": false}
{"id": 405400, "name": "HERREGÅRDSBØFFER", "underline": "360 GR. / REMA 1000", "age_limit": null, "hazard_precaution_statements": [], "labels": [{"id": 70, "name": "Dansk", "image": "https://static-assets.digital.rema1000.dk/product/labels/70-64.webp"}], "description": null, "info": "Født i: Danmark\nOpvokset i: Danmark\nSlagtet i: Danmark\nSkåret i: Danmark", "images": [{"small": "https://rema-product-images.digital.rema1000.dk/405400/1-small-xePwxW28ow.webp", "medium": "https://rema-product-images.digital.rema1000.dk/405400/1-medium-xePwxW28ow.webp", "large": "https://rema-product-images.digital.rema1000.dk/405400/1-large-xePwxW28ow.webp"}], "prices": [{"price": 49.95, "price_over_max_quantity": null, "max_quantity": null, "is_advertised": false, "is_campaign": false, "starting_at": "2025-07-31T00:00:00+00:00", "ending_at": "2025-09-06T00:00:00+00:00", "deposit": null, "compare_unit": "kg", "compare_unit_price": 138.75, "consumption_unit": null, "consumption_quantity": null}], "temperature_zone": "refrigerated_5_degrees_celsius", "is_self_scale_item": false, "is_weight_item": false, "is_available_in_all_stores": false, "is_batch_item": false}
{"id": 405500, "name": "GRILLBØFFER BBQ", "underline": "300 GR. / REMA 1000", "age_limit": null, "hazard_precaution_statements": [], "labels": [{"id": 9001, "name": "Avisvare", "image": "https://static-assets.digital.rema1000.dk/product/labels/9001-64.webp"}, {"id": 70, "name": "Dansk", "image": "https://static-assets.digital.rema1000.dk/product/labels/70-64.webp"}, {"id": 202, "name": "Bedre dyrevelfærd 2", "image": "https://static-assets.digital.rema1000.dk/product/labels/202-64.webp"}], "description": null, "info": "", "images": [{"small": "https://rema-product-images.digital.rema1000.dk/405500/1-small-xePwxWgOow.webp", "medium": "https://rema-product-images.digital.rema1000.dk/405500/1-medium-xePwxWgOow.webp", "large": "https://rema-product-images.digital.rema1000.dk/405500/1-large-xePwxWgOow.webp"}], "prices": [{"price": 35, "price_over_max_quantity": 39.95, "max_quantity": 6, "is_advertised": true, "is_campaign": true, "starting_at": "2025-08-17T00:00:00+00:00", "ending_at": "2025-08-23T00:00:00+00:00", "deposit": null, "compare_unit": "kg", "compare_unit_price": 116.67, "consumption_unit": null, "consumption_quantity": null}, {"price": 39.95, "price_over_max_quantity": null, "max_quantity": null, "is_advertised": false, "is_campaign": false, "starting_at": "2025-08-24T00:00:00+00:00", "ending_at": "2099-12-31T00:00:00+00:00", "deposit": null, "compare_unit": "kg", "compare_unit_price": 133.17, "consumption_unit": null, "consumption_quantity": null}], "temperature_zone": "refrigerated_5_degrees_celsius", "is_self_scale_item": false, "is_weight_item": false, "is_available_in_all_stores": false, "is_batch_item": false}
{"id": 40654, "name": "SUPPEURTER", "underline": "600 GR. / REMA 1000", "age_limit": null, "hazard_precaution_statements": [], "labels": [{"id": 2, "name": "REMA1000", "image": "https://static-assets.digital.rema1000.dk/product/labels/2-64.webp"}, {"id": 40, "name": "Nøglehul", "image": "https://static-assets.digital.rema1000.dk/product/labels/40-64.webp"}], "description": "<b>Discount med holdning</b><br />I REMA 1000 har vi fokus på kvalitet til lave priser og overskriften på vores arbejde er Discount med holdning.<br />Vi har en klar holdning til alle de varer, vi sælger. Vi stiller ikke kun krav til kvaliteten af vores egne mærkevarer – det er også vigtigt for os, at emballagerne er designet til genanvendelse, at indholdet er uden problematiske stoffer, og at varerne er produceret ansvarligt samt mærket med tydelige og valide certificeringer.<br /><br /><b>Om denne vare</b><br />REMA 1000 suppeurter indeholder gulerødder, porrer og selleri. Ideel som urter i fx en varm og cremet kyllingesuppe, når aftensmaden gerne må være nem, lækker og nærende.<br /><br />Vores gulerødder, porrer og selleri er høstet i højsæsonen – når de er bedst. Den hurtige indfrysning efter høsten sikrer, at grøntsagerne bevarer mest mulig smag, kvalitet og næringsstoffer.<br /><br />Tilberedes i gryde eller mikrobølgeovn efter anvisning på emballagen.", "info": "", "images": [{"small": "https://rema-product-images.digital.rema1000.dk/40654/1-small-Al9080k98w.webp", "medium": "https://rema-product-images.digital.rema1000.dk/40654/1-medium-Al9080k98w.webp", "large": "https://rema-product-images.digital.rema1000.dk/40654/1-large-Al9080k98w.webp"}], "prices": [{"price": 14.95, "price_over_max_quantity": null, "max_quantity": null, "is_advertised": false, "is_campaign": false, "starting_at": "2022-07-28T00:00:00+00:00", "ending_at": "2025-08-30T00:00:00+00:00", "deposit": null, "compare_unit": "kg", "compare_unit_price": 24.92, "consumption_unit": null, "consumption_quantity": null}], "temperature_zone": "frozen_18_degrees_celsius", "is_self_scale_item": false, "is_weight_item": false, "is_available_in_all_stores": false, "is_batch_item": false}
{"id": 40657, "name": "RISBLANDING", "underline": "500 GR. / REMA 1000", "age_limit": null, "hazard_precaution_statements": [], "labels": [{"id": 2, "name": "REMA1000", "image": "https://static-assets.digital.rema1000.dk/product/labels/2-64.webp"}], "description": "<b>Discount med holdning</b><br />I REMA 1000 har vi fokus på kvalitet til lave priser og overskriften på vores arbejde er Discount med holdning.<br />Vi har en klar holdning til alle de varer, vi sælger. Vi stiller ikke kun krav til kvaliteten af vores egne mærkevarer – det er også vigtigt for os, at emballagerne er designet til genanvendelse, at indholdet er uden problematiske stoffer, og at varerne er produceret ansvarligt samt mærket med tydelige og valide certificeringer.<br /><br /><b>Om denne vare</b><br />REMA 1000 risblanding indeholder ris, ærter, majs, rød peberfrugt og løg. Ideel til en mexicanskinspireret risret, når aftensmaden gerne må være nem og lækker.<br /><br />Vores grøntsager er høstet i højsæsonen – når de er bedst. Den hurtige indfrysning efter høsten sikrer, at grøntsagerne bevarer mest mulig smag, kvalitet og næringsstoffer.<br /><br />Tilberedes i gryde eller mikrobølgeovn efter anvisning på emballagen.", "info": "", "images": [{"small": "https://rema-product-images.digital.rema1000.dk/40657/1-small-wyPb5Yj9Em.webp", "medium": "https://rema-product-images.digital.rema1000.dk/40657/1-medium-wyPb5Yj9Em.webp", "large": "https://rema-product-images.digital.rema1000.dk/40657/1-large-wyPb5Yj9Em.webp"}], "prices": [{"price": 14.95, "price_over_max_quantity": null, "max_quantity": null, "is_advertised": false, "is_campaign": false, "starting_at": "2022-07-28T00:00:00+00:00", "ending_at": "2099-12-31T00:00:00+00:00", "deposit": null, "compare_unit": "kg", "compare_unit_price": 29.9, "consumption_unit": null, "consumption_quantity": null}], "temperature_zone": "frozen_18_degrees_celsius", "is_self_scale_item": false, "is_weight_item": false, "is_available_in_all_stores": true, "is_batch_item": false}
{"id": 40659, "name": "GRØNTSAGSBLANDING", "underline": "500 GR. / REMA 1000", "age_limit": null, "hazard_precaution_statements": [], "labels": [{"id": 2, "name": "REMA1000", "image": "https://static-assets.digital.rema1000.dk/product/labels/2-64.webp"}, {"id": 40, "name": "Nøglehul", "image": "https://static-assets.digital.rema1000.dk/product/labels/40-64.webp"}], "description": "<b>Discount med holdning</b><br />I REMA 1000 har vi fokus på kvalitet til lave priser og overskriften på vores arbejde er Discount med holdning.<br />Vi har en klar holdning til alle de varer, vi sælger. Vi stiller ikke kun krav til kvaliteten af vores egne mærkevarer – det er også vigtigt for os, at emballagerne er designet til genanvendelse, at indholdet er uden problematiske stoffer, og at varerne er produceret ansvarligt samt mærket med tydelige og valide certificeringer.<br /><br /><b>Om denne vare</b><br />REMA 1000 grøntsagsblanding indeholder gulerødder, broccoli, gul peberfrugt, rød peberfrugt, majs og slikærter. Vores grøntsager er høstet i højsæsonen – når de er bedst. Den hurtige indfrysning efter høsten sikrer, at grøntsagerne bevarer mest mulig smag, kvalitet og næringsstoffer.<br /><br />Grøntsagsblanding er ideel til fx tortillas fyldt med grøntsager, når aftensmaden gerne må være nem og lækker.<br /><br />Tilberedes i gryde eller mikrobølgeovn efter anvisning på emballagen.", "info": "", "images": [{"small": "https://rema-product-images.digital.rema1000.dk/40659/1-small-KpqRx4XPLz.webp", "medium": "https://rema-product-images.digital.rema1000.dk/40659/1-medium-KpqRx4XPLz.webp", "large": "https://rema-product-images.digital.rema1000.dk/40659/1-large-KpqRx4XPLz.webp"}], "prices": [{"price": 12.95, "price_over_max_quantity": null, "max_quantity": null, "is_advertised": false, "is_campaign": false, "starting_at": "2022-07-28T00:00:00+00:00", "ending_at": "2099-12-31T00:00:00+00:00", "deposit": null, "compare_unit": "kg", "compare_unit_price": 25.9, "consumption_unit": null, "consumption_quantity": null}], "temperature_zone": "frozen_18_degrees_celsius", "is_self_scale_item": false, "is_weight_item": false, "is_available_in_all_stores": false, "is_batch_item": false}
{"id": 40661, "name": "HAKKET SPINAT", "underline": "750 GR. / REMA 1000", "age_limit": null, "hazard_precaution_statements": [], "labels": [{"id": 2, "name": "REMA1000", "image": "https://static-assets.digital.rema1000.dk/product/labels/2-64.webp"}, {"id": 40, "name": "Nøglehul", "image": "https://static-assets.digital.rema1000.dk/product/labels/40-64.webp"}], "description": "<b>Discount med holdning</b><br />I REMA 1000 har vi fokus på kvalitet til lave priser og overskriften på vores arbejde er Discount med holdning.<br />Vi har en klar holdning til alle de varer, vi sælger. Vi stiller ikke kun krav til kvaliteten af vores egne mærkevarer – det er også vigtigt for os, at emballagerne er designet til genanvendelse, at indholdet er uden problematiske stoffer, og at varerne er produceret ansvarligt samt mærket med tydelige og valide certificeringer.<br /><br /><b>Om denne vare</b><br />REMA 1000 hakket spinat er høstet i højsæsonen – når de er bedst. Den hurtige indfrysning efter høsten sikrer, at grøntsagerne bevarer mest mulig smag, kvalitet og næringsstoffer.<br /><br />Hakket spinat er ideel til fx en One Pot pastaret med spinat &amp; bacon, når aftensmaden gerne må være nem og lækker.<br /><br />Tilberedes i gryde eller mikrobølgeovn efter anvisning på emballagen.", "info": "", "images": [{"small": "https://rema-product-images.digital.rema1000.dk/40661/1-small-Z8qp4BAq3N.webp", "medium": "https://rema-product-images.digital.rema1000.dk/40661/1-medium-Z8qp4BAq3N.webp", "large": "https://rema-product-images.digital.rema1000.dk/40661/1-large-Z8qp4BAq3N.webp"}], "prices": [{"price": 12.95, "price_over_max_quantity": null, "max_quantity": null, "is_advertised": false, "is_campaign": false, "starting_at": "2022-07-28T00:00:00+00:00", "ending_at": "2099-12-31T00:00:00+00:00", "deposit": null, "compare_unit": "kg", "compare_unit_price": 17.27, "consumption_unit": null, "consumption_quantity": null}], "temperature_zone": "frozen_18_degrees_celsius", "is_self_scale_item": false, "is_weight_item": false, "is_available_in_all_stores": false, "is_batch_item": false}
{"id": 40686, "name": "FINE ÆRTER", "underline": "600 GR. / REMA 1000", "age_limit": null, "hazard_precaution_statements": [], "labels": [{"id": 2, "name": "REMA1000", "image": "https://static-assets.digital.rema1000.dk/product/labels/2-64.webp"}, {"id": 40, "name": "Nøglehul", "image": "https://static-assets.digital.rema1000.dk/product/labels/40-64.webp"}], "description": "<b>Discount med holdning</b><br />I REMA 1000 har vi fokus på kvalitet til lave priser og overskriften på vores arbejde er Discount med holdning.<br />Vi har en klar holdning til alle de varer, vi sælger. Vi stiller ikke kun krav til kvaliteten af vores egne mærkevarer – det er også vigtigt for os, at emballagerne er designet til genanvendelse, at indholdet er uden problematiske stoffer, og at varerne er produceret ansvarligt samt mærket med tydelige og valide certificeringer.<br /><br /><b>Om denne vare</b><br />REMA 1000 fine ærter er høstet i højsæsonen – når de er bedst. Den hurtige indfrysning efter høsten sikrer, at grøntsagerne bevarer mest mulig smag, kvalitet og næringsstoffer.<br /><br />REMA 1000 fine ærter er ideel til fx pastasalat med ærter og cherrytomater, når aftensmaden gerne må være nem og lækker.<br /><br />Tilberedes i gryde eller mikrobølgeovn efter anvisning på emballagen.", "info": "", "images": [{"small": "https://rema-product-images.digital.rema1000.dk/40686/1-small-A4PyrMkoLV.webp", "medium": "https://rema-product-images.digital.rema1000.dk/40686/1-medium-A4PyrMkoLV.webp", "large": "https://rema-product-images.digital.rema1000.dk/40686/1-large-A4PyrMkoLV.webp"}], "prices": [{"price": 11.95, "price_over_max_quantity": null, "max_quantity": null, "is_advertised": false, "is_campaign": false, "starting_at": "2023-01-05T00:00:00+00:00", "ending_at": "2099-12-31T00:00:00+00:00", "deposit": null, "compare_unit": "kg", "compare_unit_price": 19.92, "consumption_unit": null, "consumption_quantity": null}], "temperature_zone": "frozen_18_degrees_celsius", "is_self_scale_item": false, "is_weight_item": false, "is_available_in_all_stores": true, "is_batch_item": false}
{"id": 40690, "name": "KARRYGRØNT", "underline": "400 GR. / LÆKKERT & NEMT, ØKO.", "age_limit": null, "hazard_precaution_statements": [], "labels": [{"id": 9001, "name": "Avisvare", "image": "https://static-assets.digital.rema1000.dk/product/labels/9001-64.webp"}, {"id": 2, "name": "REMA1000", "image": "https://static-assets.digital.rema1000.dk/product/labels/2-64.webp"}, {"id": 6, "name": "Økologi", "image": "https://static-assets.digital.rema1000.dk/product/labels/6-64.webp"}, {"id": 40, "name": "Nøglehul", "image": "https://static-assets.digital.rema1000.dk/product/labels/40-64.webp"}], "description": "<b>Discount med holdning</b><br />I REMA 1000 har vi fokus på kvalitet til lave priser og overskriften på vores arbejde er Discount med holdning.<br />Vi har en klar holdning til alle de varer, vi sælger. Vi stiller ikke kun krav til kvaliteten af vores egne mærkevarer – det er også vigtigt for os, at emballagerne er designet til genanvendelse, at indholdet er uden problematiske stoffer, og at varerne er produceret ansvarligt samt mærket med tydelige og valide certificeringer.<br /><br /><b>Om denne vare</b><br />REMA 1000 økologisk karrygrønt er nem og lækker aftensmad på ingen tid. Den økologiske karrygrønt er fyldt med grøntsager krydret med karry. Prøv f.eks. en lidt grønnere udgave af kylling i karry, som kan laves i en fart.<br /><br /><b>Tilberedning</b><br />1. Kyllingetern steges på en pande i lidt fedtstof i ca. 4 min.<br />2. Den frosne grønsagsblanding tilsættes og steges yderligere i 3 min.<br />3. Fløde, vand og majsstivelse røres sammen og tilsættes. Retten koges i ca. 8 min.<br /><br />Husk at tilkøbe kylling, fløde og majsstivelse, så du har det hele til aftensmaden.", "info": "", "images": [{"small": "https://rema-product-images.digital.rema1000.dk/40690/1-small-kAonAvaPx8.webp", "medium": "https://rema-product-images.digital.rema1000.dk/40690/1-medium-kAonAvaPx8.webp", "large": "https://rema-product-images.digital.rema1000.dk/40690/1-large-kAonAvaPx8.webp"}], "prices": [{"price": 12, "price_over_max_quantity": 14.95, "max_quantity": 6, "is_advertised": true, "is_campaign": true, "starting_at": "2025-08-17T00:00:00+00:00", "ending_at": "2025-08-23T00:00:00+00:00", "deposit": null, "compare_unit": "kg", "compare_unit_price": 30, "consumption_unit": null, "consumption_quantity": null}, {"price": 14.95, "price_over_max_quantity": null, "max_quantity": null, "is_advertised": false, "is_campaign": false, "starting_at": "2025-08-24T00:00:00+00:00", "ending_at": "2099-12-31T00:00:00+00:00", "deposit": null, "compare_unit": "kg", "compare_unit_price": 37.38, "consumption_unit": null, "consumption_quantity": null}], "temperature_zone": "frozen_18_degrees_celsius", "is_self_scale_item": false, "is_weight_item": false, "is_available_in_all_stores": true, "is_batch_item": false}
{"id": 40691, "name": "ITALIENSK INSP", "underline": "400 GR. / LÆKKERT & NEMT, ØKO", "age_limit": null, "hazard_precaution_statements": [], "labels": [{"id": 9001, "name": "Avisvare", "image": "https://static-assets.digital.rema1000.dk/product/labels/9001-64.webp"}, {"id": 2, "name": "REMA1000", "image": "https://static-assets.digital.rema1000.dk/product/labels/2-64.webp"}, {"id": 6, "name": "Økologi", "image": "https://static-assets.digital.rema1000.dk/product/labels/6-64.webp"}, {"id": 40, "name": "Nøglehul", "image": "https://static-assets.digital.rema1000.dk/product/labels/40-64.webp"}], "description": "<b>Discount med holdning</b><br />I REMA 1000 har vi fokus på kvalitet til lave priser og overskriften på vores arbejde er Discount med holdning.<br />Vi har en klar holdning til alle de varer, vi sælger. Vi stiller ikke kun krav til kvaliteten af vores egne mærkevarer – det er også vigtigt for os, at emballagerne er designet til genanvendelse, at indholdet er uden problematiske stoffer, og at varerne er produceret ansvarligt samt mærket med tydelige og valide certificeringer.<br /><br /><b>Om denne vare</b><br />REMA 1000 økologisk italienskinspireret grøntsagsblanding er fyldt med grøntsager krydret med hvidløg og basilikum. Ideel til en cremet pastasauce eller pasta bolognese, når aftensmaden gerne må være nem og lækker og indeholde grøntsager.<br /><br /><b>Tilberedning - fx til en cremet italienskinspireret pastasauce</b><br />1. Den frosne grønsagsblanding steges på en varm pande i lidt fedtstof i 3 min.<br />2. Tilsæt 2,5 dl fløde og lad koge med i ca. 7 min.<br />3. Smag til med citronsaft, salt og peber.<br /><br />Husk at tilkøbe pasta, fløde og citron, så du har det hele til aftensmaden.", "info": "", "images": [{"small": "https://rema-product-images.digital.rema1000.dk/40691/1-small-3MoMG8695E.webp", "medium": "https://rema-product-images.digital.rema1000.dk/40691/1-medium-3MoMG8695E.webp", "large": "https://rema-product-images.digital.rema1000.dk/40691/1-large-3MoMG8695E.webp"}], "prices": [{"price": 12, "price_over_max_quantity": 14.95, "max_quantity": 6, "is_advertised": true, "is_campaign": true, "starting_at": "2025-08-17T00:00:00+00:00", "ending_at": "2025-08-23T00:00:00+00:00", "deposit": null, "compare_unit": "kg", "compare_unit_price": 30, "consumption_unit": null, "consumption_quantity": null}, {"price": 14.95, "price_over_max_quantity": null, "max_quantity": null, "is_advertised": false, "is_campaign": false, "starting_at": "2025-08-24T00:00:00+00:00", "ending_at": "2099-12-31T00:00:00+00:00", "deposit": null, "compare_unit": "kg", "compare_unit_price": 37.38, "consumption_unit": null, "consumption_quantity": null}], "temperature_zone": "frozen_18_degrees_celsius", "is_self_scale_item": false, "is_weight_item": false, "is_available_in_all_stores": true, "is_batch_item": false}
{"id": 40692, "name": "FRANSK INSP.", "underline": "400 GR. / LÆKKERT & NEMT, ØKO.", "age_limit": null, "hazard_precaution_statements": [], "labels": [{"id": 9001, "name": "Avisvare", "image": "https://static-assets.digital.rema1000.dk/product/labels/9001-64.webp"}, {"id": 2, "name": "REMA1000", "image": "https://static-assets.digital.rema1000.dk/product/labels/2-64.webp"}, {"id": 5, "name": "Økologi", "image": "https://static-assets.digital.rema1000.dk/product/labels/5-64.webp"}], "description": "<b>Discount med holdning</b><br />I REMA 1000 har vi fokus på kvalitet til lave priser og overskriften på vores arbejde er Discount med holdning.<br />Vi har en klar holdning til alle de varer, vi sælger. Vi stiller ikke kun krav til kvaliteten af vores egne mærkevarer – det er også vigtigt for os, at emballagerne er designet til genanvendelse, at indholdet er uden problematiske stoffer, og at varerne er produceret ansvarligt samt mærket med tydelige og valide certificeringer.<br /><br /><b>Om denne vare</b><br />REMA 1000 økologisk franskinspireret grøntsagsblanding er fyldt med grøntsager krydret med timian. Ideel som tilbehør til weekendbøffen, når aftensmaden gerne må være nem og lækker.<br /><br /><b>Tilberedning - fx weekendbøf med franskinspireret grøntsagsblanding</b><br />1. Opvarm en pande ved høj varme sammen med lidt olie. Steg bøfferne i 3-4 min. på hver side og krydr med salt og peber.<br />2. Pak bøfferne ind i alufolie for at hvile, når de er færdige på panden.<br />2. Steg de frosne grøntsager på panden i ca. 3 min.<br />3. Tilsæt 2,5 dl fløde og lad koge ned til en cremet konsistens i 5-6 min.<br />4. Smag til med salt og peber og servér til bøfferne.<br /><br />Husk at tilkøbe bøffer og fløde, så du har det hele til aftensmaden. Du kan evt. også servere bøfferne sammen med kogte eller bagte kartofler.", "info": "", "images": [{"small": "https://rema-product-images.digital.rema1000.dk/40692/1-small-OJq5yzKqpr.webp", "medium": "https://rema-product-images.digital.rema1000.dk/40692/1-medium-OJq5yzKqpr.webp", "large": "https://rema-product-images.digital.rema1000.dk/40692/1-large-OJq5yzKqpr.webp"}], "prices": [{"price": 12, "price_over_max_quantity": 14.95, "max_quantity": 6, "is_advertised": true, "is_campaign": true, "starting_at": "2025-08-17T00:00:00+00:00", "ending_at": "2025-08-23T00:00:00+00:00", "deposit": null, "compare_unit": "kg", "compare_unit_price": 30, "consumption_unit": null, "consumption_quantity": null}, {"price": 14.95, "price_over_max_quantity": null, "max_quantity": null, "is_advertised": false, "is_campaign": false, "starting_at": "2025-08-24T00:00:00+00:00", "ending_at": "2099-12-31T00:00:00+00:00", "deposit": null, "compare_unit": "kg", "compare_unit_price": 37.38, "consumption_unit": null, "consumption_quantity": null}], "temperature_zone": "frozen_18_degrees_celsius", "is_self_scale_item": false, "is_weight_item": false, "is_available_in_all_stores": true, "is_batch_item": false}
{"id": 406991, "name": "CULOTTE", "underline": "1.15 KG. / DANSK UNGKVÆG", "age_limit": null, "hazard_precaution_statements": [], "labels": [{"id": 70, "name": "Dansk", "image": "https://static-assets.digital.rema1000.dk/product/labels/70-64.webp"}], "description": "Culotte af Dansk Ungkvæg. En lækker Culottesteg. Dansk Ungkvæg er danske dyr på maximalt 24 måneder, det sikre en mør og lækker oplevelse hver gang.", "info": "Født i: Danmark\nOpvokset i: Danmark\nSlagtet i: Danmark\nSkåret i: Danmark", "images": [{"small": "https://rema-product-images.digital.rema1000.dk/406991/1-small-3MoMLxa6P5.webp", "medium": "https://rema-product-images.digital.rema1000.dk/406991/1-medium-3MoMLxa6P5.webp", "large": "https://rema-product-images.digital.rema1000.dk/406991/1-large-3MoMLxa6P5.webp"}], "prices": [{"price": 229.89, "price_over_max_quantity": null, "max_quantity": null, "is_advertised": false, "is_campaign": false, "starting_at": "2025-05-22T00:00:00+00:00", "ending_at": "2099-12-31T00:00:00+00:00", "deposit": null, "compare_unit": "kg", "compare_unit_price": 199.9, "consumption_unit": null, "consumption_quantity": null}], "temperature_zone": "refrigerated_5_degrees_celsius", "is_self_scale_item": false, "is_weight_item": true, "is_available_in_all_stores": true, "is_batch_item": false}
{"id": 407026, "name": "KALVE FLATSTEAK M. HVIDLØG", "underline": "0.4 KG. / REMA 1000", "age_limit": null, "hazard_precaution_statements": [], "labels": [{"id": 70, "name": "Dansk", "image": "https://static-assets.digital.rema1000.dk/product/labels/70-64.webp"}, {"id": 202, "name": "Bedre dyrevelfærd 2", "image": "https://static-assets.digital.rema1000.dk/product/labels/202-64.webp"}], "description": null, "info": "", "images": [{"small": "https://rema-product-images.digital.rema1000.dk/407026/1-small-kOq3rMvJo6.webp", "medium": "https://rema-product-images.digital.rema1000.dk/407026/1-medium-kOq3rMvJo6.webp", "large": "https://rema-product-images.digital.rema1000.dk/407026/1-large-kOq3rMvJo6.webp"}], "prices": [{"price": 63.96, "price_over_max_quantity": null, "max_quantity": null, "is_advertised": false, "is_campaign": false, "starting_at": "2025-07-02T00:00:00+00:00", "ending_at": "2025-09-03T00:00:00+00:00", "deposit": null, "compare_unit": "kg", "compare_unit_price": 159.9, "consumption_unit": null, "consumption_quantity": null}], "temperature_zone": "refrigerated_5_degrees_celsius", "is_self_scale_item": false, "is_weight_item": true, "is_available_in_all_stores": false, "is_batch_item": false}
{"id": 407027, "name": "KALVE FLATSTEAK M. BBQ", "underline": "0.4 KG. / REMA 1000", "age_limit": null, "hazard_precaution_statements": [], "labels": [{"id": 70, "name": "Dansk", "image": "https://static-assets.digital.rema1000.dk/product/labels/70-64.webp"}, {"id": 202, "name": "Bedre dyrevelfærd 2", "image": "https://static-assets.digital.rema1000.dk/product/labels/202-64.webp"}], "description": null, "info": "", "images": [{"small": "https://rema-product-images.digital.rema1000.dk/407027/1-small-OW9OX2eZPg.webp", "medium": "https://rema-product-images.digital.rema1000.dk/407027/1-medium-OW9OX2eZPg.webp", "large": "https://rema-product-images.digital.rema1000.dk/407027/1-large-OW9OX2eZPg.webp"}], "prices": [{"price": 63.96, "price_over_max_quantity": null, "max_quantity": null, "is_advertised": false, "is_campaign": false, "starting_at": "2025-07-02T00:00:00+00:00", "ending_at": "2025-09-03T00:00:00+00:00", "deposit": null, "compare_unit": "kg", "compare_unit_price": 159.9, "consumption_unit": null, "consumption_quantity": null}], "temperature_zone": "refrigerated_5_degrees_celsius", "is_self_scale_item": false, "is_weight_item": true, "is_available_in_all_stores": false, "is_batch_item": false}
{"id": 40764, "name": "RODFRUGTER", "underline": "450 GR. / REMA 1000, ØKO.", "age_limit": null, "hazard_precaution_statements": [], "labels": [{"id": 2, "name": "REMA1000", "image": "https://static-assets.digital.rema1000.dk/product/labels/2-64.webp"}, {"id": 5, "name": "Økologi", "image": "https://static-assets.digital.rema1000.dk/product/labels/5-64.webp"}, {"id": 40, "name": "Nøglehul", "image": "https://static-assets.digital.rema1000.dk/product/labels/40-64.webp"}], "description": "<b>Discount med holdning</b><br />I REMA 1000 har vi fokus på kvalitet til lave priser og overskriften på vores arbejde er Discount med holdning.<br />Vi har en klar holdning til alle de varer, vi sælger. Vi stiller ikke kun krav til kvaliteten af vores egne mærkevarer – det er også vigtigt for os, at emballagerne er designet til genanvendelse, at indholdet er uden problematiske stoffer, og at varerne er produceret ansvarligt samt mærket med tydelige og valide certificeringer.<br /><br /><b>Om denne vare</b><br />REMA 1000 økologiske rodfrugter indeholder økologiske orange eller gule gulerødder, pastinakker, selleri, jordskokker og rødløg. Vores grøntsager er høstet i højsæsonen – når de er bedst. Den hurtige indfrysning efter høsten sikrer, at grøntsagerne bevarer mest mulig smag, kvalitet og næringsstoffer.<br /><br />Rodfrugter er ideelle som nemt og lækkert tilbehør til stegt oksekød, lam eller kylling serveret med aioli.<br /><br />Tilberedes i ovn efter anvisning på emballagen.", "info": "", "images": [{"small": "https://rema-product-images.digital.rema1000.dk/40764/1-small-AKqegLOPp1.webp", "medium": "https://rema-product-images.digital.rema1000.dk/40764/1-medium-AKqegLOPp1.webp", "large": "https://rema-product-images.digital.rema1000.dk/40764/1-large-AKqegLOPp1.webp"}], "prices": [{"price": 13.95, "price_over_max_quantity": null, "max_quantity": null, "is_advertised": false, "is_campaign": false, "starting_at": "2022-06-23T00:00:00+00:00", "ending_at": "2025-09-06T00:00:00+00:00", "deposit": null, "compare_unit": "kg", "compare_unit_price": 31, "consumption_unit": null, "consumption_quantity": null}], "temperature_zone": "frozen_18_degrees_celsius", "is_self_scale_item": false, "is_weight_item": false, "is_available_in_all_stores": true, "is_batch_item": false}
{"id": 40768, "name": "WOKBLANDING", "underline": "450 GR. / REMA 1000, ØKO", "age_limit": null, "hazard_precaution_statements": [], "labels": [{"id": 2, "name": "REMA1000", "image": "https://static-assets.digital.rema1000.dk/product/labels/2-64.webp"}, {"id": 5, "name": "Økologi", "image": "https://static-assets.digital.rema1000.dk/product/labels/5-64.webp"}, {"id": 40, "name": "Nøglehul", "image": "https://static-assets.digital.rema1000.dk/product/labels/40-64.webp"}], "description": "<b>Discount med holdning</b><br />I REMA 1000 har vi fokus på kvalitet til lave priser og overskriften på vores arbejde er Discount med holdning.<br />Vi har en klar holdning til alle de varer, vi sælger. Vi stiller ikke kun krav til kvaliteten af vores egne mærkevarer – det er også vigtigt for os, at emballagerne er designet til genanvendelse, at indholdet er uden problematiske stoffer, og at varerne er produceret ansvarligt samt mærket med tydelige og valide certificeringer.<br /><br /><b>Om denne vare</b><br />REMA 1000 økologiske wokblanding indeholder broccoli, rød peberfrugt, orange og gule gulerødder, bønner og rødløg. Vores grøntsager er høstet i højsæsonen – når de er bedst. Den hurtige indfrysning efter høsten sikrer, at grøntsagerne bevarer mest mulig smag, kvalitet og næringsstoffer.<br /><br />Wokblandingen er ideel, når aftensmaden gerne må være nem og lækker. Fx i en asiatiskinspireret wokret med chilibeef og nudler.<br /><br />Tilberedes i wok eller mikrobølgeovn efter anvisning på emballagen.", "info": "", "images": [{"small": "https://rema-product-images.digital.rema1000.dk/40768/1-small-vXodrRB93k.webp", "medium": "https://rema-product-images.digital.rema1000.dk/40768/1-medium-vXodrRB93k.webp", "large": "https://rema-product-images.digital.rema1000.dk/40768/1-large-vXodrRB93k.webp"}], "prices": [{"price": 13.95, "price_over_max_quantity": null, "max_quantity": null, "is_advertised": false, "is_campaign": false, "starting_at": "2022-06-23T00:00:00+00:00", "ending_at": "2025-09-06T00:00:00+00:00", "deposit": null, "compare_unit": "kg", "compare_unit_price": 31, "consumption_unit": null, "consumption_quantity": null}], "temperature_zone": "frozen_18_degrees_celsius", "is_self_scale_item": false, "is_weight_item": false, "is_available_in_all_stores": true, "is_batch_item": false}
{"id": 40769, "name": "HELBLADET SPINAT", "underline": "450 GR. / REMA 1000, ØKO.", "age_limit": null, "hazard_precaution_statements": [], "labels": [{"id": 2, "name": "REMA1000", "image": "https://static-assets.digital.rema1000.dk/product/labels/2-64.webp"}, {"id": 5, "name": "Økologi", "image": "https://static-assets.digital.rema1000.dk/product/labels/5-64.webp"}, {"id": 40, "name": "Nøglehul", "image": "https://static-assets.digital.rema1000.dk/product/labels/40-64.webp"}], "description": "<b>Discount med holdning</b><br />I REMA 1000 har vi fokus på kvalitet til lave priser og overskriften på vores arbejde er Discount med holdning.<br />Vi har en klar holdning til alle de varer, vi sælger. Vi stiller ikke kun krav til kvaliteten af vores egne mærkevarer – det er også vigtigt for os, at emballagerne er designet til genanvendelse, at indholdet er uden problematiske stoffer, og at varerne er produceret ansvarligt samt mærket med tydelige og valide certificeringer.<br /><br /><b>Om denne vare</b><br />REMA 1000 økologisk helbladet spinat er høstet i højsæsonen – når de er bedst. Den hurtige indfrysning efter høsten sikrer, at grøntsagerne bevarer mest mulig smag, kvalitet og næringsstoffer.<br /><br />Helbladet spinat er ideel til fx lasagne med spinat og laks, når aftensmaden gerne må være nem og lækker.<br /><br />Tilberedes i gryde eller mikrobølgeovn efter anvisning på emballagen.", "info": "", "images": [{"small": "https://rema-product-images.digital.rema1000.dk/40769/1-small-Ea914kYqzY.webp", "medium": "https://rema-product-images.digital.rema1000.dk/40769/1-medium-Ea914kYqzY.webp", "large": "https://rema-product-images.digital.rema1000.dk/40769/1-large-Ea914kYqzY.webp"}], "prices": [{"price": 13.95, "price_over_max_quantity": null, "max_quantity": null, "is_advertised": false, "is_campaign": false, "starting_at": "2022-06-23T00:00:00+00:00", "ending_at": "2025-09-06T00:00:00+00:00", "deposit": null, "compare_unit": "kg", "compare_unit_price": 31, "consumption_unit": null, "consumption_quantity": null}], "temperature_zone": "frozen_18_degrees_celsius", "is_self_scale_item": false, "is_weight_item": false, "is_available_in_all_stores": true, "is_batch_item": false}
{"id": 40772, "name": "HARICOTS VERTS", "underline": "600 GR. / REMA 1000", "age_limit": null, "hazard_precaution_statements": [], "labels": [{"id": 2, "name": "REMA1000", "image": "https://static-assets.digital.rema1000.dk/product/labels/2-64.webp"}, {"id": 40, "name": "Nøglehul", "image": "https://static-assets.digital.rema1000.dk/product/labels/40-64.webp"}], "description": "<b>Discount med holdning</b><br />I REMA 1000 har vi fokus på kvalitet til lave priser og overskriften på vores arbejde er Discount med holdning.<br />Vi har en klar holdning til alle de varer, vi sælger. Vi stiller ikke kun krav til kvaliteten af vores egne mærkevarer – det er også vigtigt for os, at emballagerne er designet til genanvendelse, at indholdet er uden problematiske stoffer, og at varerne er produceret ansvarligt samt mærket med tydelige og valide certificeringer.<br /><br /><b>Om denne vare</b><br />REMA 1000 haricots verts er høstet i højsæsonen – når de er bedst. Den hurtige indfrysning efter høsten sikrer, at grøntsagerne bevarer mest mulig smag, kvalitet og næringsstoffer.<br /><br />Haricots verts er ideel som tilbehør til aftensmaden. Fx i en bønnesalat med bacon og salattern.<br /><br />Tilberedes i gryde eller mikrobølgeovn efter anvisning på emballagen.", "info": "", "images": [{"small": "https://rema-product-images.digital.rema1000.dk/40772/1-small-xyqaM4VqDb.webp", "medium": "https://rema-product-images.digital.rema1000.dk/40772/1-medium-xyqaM4VqDb.webp", "large": "https://rema-product-images.digital.rema1000.dk/40772/1-large-xyqaM4VqDb.webp"}], "prices": [{"price": 12.95, "price_over_max_quantity": null, "max_quantity": null, "is_advertised": false, "is_campaign": false, "starting_at": "2022-06-23T00:00:00+00:00", "ending_at": "2099-12-31T00:00:00+00:00", "deposit": null, "compare_unit": "kg", "compare_unit_price": 21.58, "consumption_unit": null, "consumption_quantity": null}], "temperature_zone": "frozen_18_degrees_celsius", "is_self_scale_item": false, "is_weight_item": false, "is_available_in_all_stores": true, "is_batch_item": false}
{"id": 40773, "name": "BLOMKÅLSBLANDING", "underline": "700 GR. / REMA 1000", "age_limit": null, "hazard_precaution_statements": [], "labels": [{"id": 2, "name": "REMA1000", "image": "https://static-assets.digital.rema1000.dk/product/labels/2-64.webp"}, {"id": 40, "name": "Nøglehul", "image": "https://static-assets.digital.rema1000.dk/product/labels/40-64.webp"}], "description": "<b>Discount med holdning</b><br />I REMA 1000 har vi fokus på kvalitet til lave priser og overskriften på vores arbejde er Discount med holdning.<br />Vi har en klar holdning til alle de varer, vi sælger. Vi stiller ikke kun krav til kvaliteten af vores egne mærkevarer – det er også vigtigt for os, at emballagerne er designet til genanvendelse, at indholdet er uden problematiske stoffer, og at varerne er produceret ansvarligt samt mærket med tydelige og valide certificeringer.<br /><br /><b>Om denne vare</b><br />REMA 1000 blomkålsblanding indeholder ærter, blomkål, gulerødder og rød peberfrugt. Vores grøntsager er høstet i højsæsonen – når de er bedst. Den hurtige indfrysning efter høsten sikrer, at grøntsagerne bevarer mest mulig smag, kvalitet og næringsstoffer.<br /><br />Broccoliblandingen er ideel, når aftensmaden gerne må være nem og lækker. Fx til fars i fad.<br /><br />Tilberedes i gryde eller mikrobølgeovn efter anvisning på emballagen.", "info": "", "images": [{"small": "https://rema-product-images.digital.rema1000.dk/40773/1-small-pYqx834q1L.webp", "medium": "https://rema-product-images.digital.rema1000.dk/40773/1-medium-pYqx834q1L.webp", "large": "https://rema-product-images.digital.rema1000.dk/40773/1-large-pYqx834q1L.webp"}], "prices": [{"price": 12.95, "price_over_max_quantity": null, "max_quantity": null, "is_advertised": false, "is_campaign": false, "starting_at": "2022-06-23T00:00:00+00:00", "ending_at": "2099-12-31T00:00:00+00:00", "deposit": null, "compare_unit": "kg", "compare_unit_price": 18.5, "consumption_unit": null, "consumption_quantity": null}], "temperature_zone": "frozen_18_degrees_celsius", "is_self_scale_item": false, "is_weight_item": false, "is_available_in_all_stores": true, "is_batch_item": false}
{"id": 40774, "name": "BROCCOLIBLANDING", "underline": "600 GR. / REMA 1000", "age_limit": null, "hazard_precaution_statements": [], "labels": [{"id": 2, "name": "REMA1000", "image": "https://static-assets.digital.rema1000.dk/product/labels/2-64.webp"}, {"id": 40, "name": "Nøglehul", "image": "https://static-assets.digital.rema1000.dk/product/labels/40-64.webp"}], "description": "<b>Discount med holdning</b><br />I REMA 1000 har vi fokus på kvalitet til lave priser og overskriften på vores arbejde er Discount med holdning.<br />Vi har en klar holdning til alle de varer, vi sælger. Vi stiller ikke kun krav til kvaliteten af vores egne mærkevarer – det er også vigtigt for os, at emballagerne er designet til genanvendelse, at indholdet er uden problematiske stoffer, og at varerne er produceret ansvarligt samt mærket med tydelige og valide certificeringer.<br /><br /><b>Om denne vare</b><br />REMA 1000 broccoliblanding indeholder broccoli, blomkål og gulerødder. Vores grøntsager er høstet i højsæsonen – når de er bedst. Den hurtige indfrysning efter høsten sikrer, at grøntsagerne bevarer mest mulig smag, kvalitet og næringsstoffer.<br /><br />Broccoliblandingen er ideel i en broccolitærte med bacon, når aftensmaden gerne må være nem og lækker. <br /><br />Tilberedes i gryde eller mikrobølgeovn efter anvisning på emballagen.", "info": "", "images": [{"small": "https://rema-product-images.digital.rema1000.dk/40774/1-small-869DQ68PMa.webp", "medium": "https://rema-product-images.digital.rema1000.dk/40774/1-medium-869DQ68PMa.webp", "large": "https://rema-product-images.digital.rema1000.dk/40774/1-large-869DQ68PMa.webp"}], "prices": [{"price": 12.95, "price_over_max_quantity": null, "max_quantity": null, "is_advertised": false, "is_campaign": false, "starting_at": "2022-07-28T00:00:00+00:00", "ending_at": "2099-12-31T00:00:00+00:00", "deposit": null, "compare_unit": "kg", "compare_unit_price": 21.58, "consumption_unit": null, "consumption_quantity": null}], "temperature_zone": "frozen_18_degrees_celsius", "is_self_scale_item": false, "is_weight_item": false, "is_available_in_all_stores": true, "is_batch_item": false}
{"id": 40798, "name": "SOJABØNNER", "underline": "250 GR. / REMA 1000", "age_limit": null, "hazard_precaution_statements": [], "labels": [{"id": 2, "name": "REMA1000", "image": "https://static-assets.digital.rema1000.dk/product/labels/2-64.webp"}, {"id": 40, "name": "Nøglehul", "image": "https://static-assets.digital.rema1000.dk/product/labels/40-64.webp"}], "description": "<b>Discount med holdning</b><br />I REMA 1000 har vi fokus på kvalitet til lave priser og overskriften på vores arbejde er Discount med holdning.<br />Vi har en klar holdning til alle de varer, vi sælger. Vi stiller ikke kun krav til kvaliteten af vores egne mærkevarer – det er også vigtigt for os, at emballagerne er designet til genanvendelse, at indholdet er uden problematiske stoffer, og at varerne er produceret ansvarligt samt mærket med tydelige og valide certificeringer.<br /><br /><b>Om denne vare</b><br />REMA 1000 sojabønner er høstet i højsæsonen – når de er bedst. Den hurtige indfrysning efter høsten sikrer, at grøntsagerne bevarer mest mulig smag, kvalitet og næringsstoffer.<br /><br />Sojabønner er perfekte i en frisk salat eller som saltet sojabønne-snack.<br /><br />Tilberedes i gryde eller mikrobølgeovn efter anvisning på emballagen.", "info": "", "images": [{"small": "https://rema-product-images.digital.rema1000.dk/40798/1-small-Al90pjE98w.webp", "medium": "https://rema-product-images.digital.rema1000.dk/40798/1-medium-Al90pjE98w.webp", "large": "https://rema-product-images.digital.rema1000.dk/40798/1-large-Al90pjE98w.webp"}], "prices": [{"price": 12.5, "price_over_max_quantity": null, "max_quantity": null, "is_advertised": false, "is_campaign": false, "starting_at": "2024-10-17T00:00:00+00:00", "ending_at": "2025-09-06T00:00:00+00:00", "deposit": null, "compare_unit": "kg", "compare_unit_price": 50, "consumption_unit": null, "consumption_quantity": null}], "temperature_zone": "frozen_18_degrees_celsius", "is_self_scale_item": false, "is_weight_item": false, "is_available_in_all_stores": true, "is_batch_item": false}
{"id": 40804, "name": "ÆRTER", "underline": "400 GR. / REMA 1000, ØKO.", "age_limit": null, "hazard_precaution_statements": [], "labels": [{"id": 2, "name": "REMA1000", "image": "https://static-assets.digital.rema1000.dk/product/labels/2-64.webp"}, {"id": 5, "name": "Økologi", "image": "https://static-assets.digital.rema1000.dk/product/labels/5-64.webp"}, {"id": 40, "name": "Nøglehul", "image": "https://static-assets.digital.rema1000.dk/product/labels/40-64.webp"}], "description": "<b>Discount med holdning</b><br />I REMA 1000 har vi fokus på kvalitet til lave priser og overskriften på vores arbejde er Discount med holdning.<br />Vi har en klar holdning til alle de varer, vi sælger. Vi stiller ikke kun krav til kvaliteten af vores egne mærkevarer – det er også vigtigt for os, at emballagerne er designet til genanvendelse, at indholdet er uden problematiske stoffer, og at varerne er produceret ansvarligt samt mærket med tydelige og valide certificeringer.<br /><br /><b>Om denne vare</b><br />REMA 1000 økologiske danske ærter er høstet i højsæsonen – når de er bedst. Den hurtige indfrysning efter høsten sikrer, at grøntsagerne bevarer mest mulig smag, kvalitet og næringsstoffer.<br /><br />Ærterne smager skønt i en cremet ærte-peberrodscreme, serveret med laks og brød.<br /><br />Tilberedes i gryde eller mikrobølgeovn efter anvisning på emballagen.", "info": "", "images": [{"small": "https://rema-product-images.digital.rema1000.dk/40804/1-small-OJq5yjXqpr.webp", "medium": "https://rema-product-images.digital.rema1000.dk/40804/1-medium-OJq5yjXqpr.webp", "large": "https://rema-product-images.digital.rema1000.dk/40804/1-large-OJq5yjXqpr.webp"}], "prices": [{"price": 13.95, "price_over_max_quantity": null, "max_quantity": null, "is_advertised": false, "is_campaign": false, "starting_at": "2022-06-23T00:00:00+00:00", "ending_at": "2025-09-06T00:00:00+00:00", "deposit": null, "compare_unit": "kg", "compare_unit_price": 34.88, "consumption_unit": null, "consumption_quantity": null}], "temperature_zone": "frozen_18_degrees_celsius", "is_self_scale_item": false, "is_weight_item": false, "is_available_in_all_stores": true, "is_batch_item": false}
{"id": 40805, "name": "SUPER SØDE MAJS", "underline": "400 GR. / REMA 1000, ØKO.", "age_limit": null, "hazard_precaution_statements": [], "labels": [{"id": 2, "name": "REMA1000", "image": "https://static-assets.digital.rema1000.dk/product/labels/2-64.webp"}, {"id": 5, "name": "Økologi", "image": "https://static-assets.digital.rema1000.dk/product/labels/5-64.webp"}, {"id": 6, "name": "Økologi", "image": "https://static-assets.digital.rema1000.dk/product/labels/6-64.webp"}, {"id": 40, "name": "Nøglehul", "image": "https://static-assets.digital.rema1000.dk/product/labels/40-64.webp"}], "description": "<b>Discount med holdning</b><br />I REMA 1000 har vi fokus på kvalitet til lave priser og overskriften på vores arbejde er Discount med holdning.<br />Vi har en klar holdning til alle de varer, vi sælger. Vi stiller ikke kun krav til kvaliteten af vores egne mærkevarer – det er også vigtigt for os, at emballagerne er designet til genanvendelse, at indholdet er uden problematiske stoffer, og at varerne er produceret ansvarligt samt mærket med tydelige og valide certificeringer.<br /><br /><b>Om denne vare</b><br />REMA 1000 økologiske super søde majs er høstet i højsæsonen – når de er bedst. Den hurtige indfrysning efter høsten sikrer, at grøntsagerne bevarer mest mulig smag, kvalitet og næringsstoffer.<br /><br />Super søde majs er ideelle til en mexicanskinspireret ret. Fx taco og tortillas.<br /><br />Tilberedes i gryde eller mikrobølgeovn efter anvisning på emballagen.", "info": "", "images": [{"small": "https://rema-product-images.digital.rema1000.dk/40805/1-small-xQq8QV29Zd.webp", "medium": "https://rema-product-images.digital.rema1000.dk/40805/1-medium-xQq8QV29Zd.webp", "large": "https://rema-product-images.digital.rema1000.dk/40805/1-large-xQq8QV29Zd.webp"}], "prices": [{"price": 13.95, "price_over_max_quantity": null, "max_quantity": null, "is_advertised": false, "is_campaign": false, "starting_at": "2022-06-23T00:00:00+00:00", "ending_at": "2025-09-06T00:00:00+00:00", "deposit": null, "compare_unit": "kg", "compare_unit_price": 34.88, "consumption_unit": null, "consumption_quantity": null}], "temperature_zone": "frozen_18_degrees_celsius", "is_self_scale_item": false, "is_weight_item": false, "is_available_in_all_stores": true, "is_batch_item": false}
{"id": 40832, "name": "GUL SMOOTHIE", "underline": "200 GR. / REMA 1000, ØKO", "age_limit": null, "hazard_precaution_statements": [], "labels": [{"id": 2, "name": "REMA1000", "image": "https://static-assets.digital.rema1000.dk/product/labels/2-64.webp"}, {"id": 5, "name": "Økologi", "image": "https://static-assets.digital.rema1000.dk/product/labels/5-64.webp"}, {"id": 40, "name": "Nøglehul", "image": "https://static-assets.digital.rema1000.dk/product/labels/40-64.webp"}], "description": null, "info": "", "images": [{"small": "https://rema-product-images.digital.rema1000.dk/40832/1-small-nDPW2Vp9Wa.webp", "medium": "https://rema-product-images.digital.rema1000.dk/40832/1-medium-nDPW2Vp9Wa.webp", "large": "https://rema-product-images.digital.rema1000.dk/40832/1-large-nDPW2Vp9Wa.webp"}], "prices": [{"price": 14.95, "price_over_max_quantity": null, "max_quantity": null, "is_advertised": false, "is_campaign": false, "starting_at": "2025-07-03T00:00:00+00:00", "ending_at": "2025-08-30T00:00:00+00:00", "deposit": null, "compare_unit": "kg", "compare_unit_price": 74.75, "consumption_unit": null, "consumption_quantity": null}], "temperature_zone": "frozen_18_degrees_celsius", "is_self_scale_item": false, "is_weight_item": false, "is_available_in_all_stores": false, "is_batch_item": false}
{"id": 40838, "name": "GRØNKÅL", "underline": "450 GR. / REMA 1000, ØKO", "age_limit": null, "hazard_precaution_statements": [], "labels": [{"id": 2, "name": "REMA1000", "image": "https://static-assets.digital.rema1000.dk/product/labels/2-64.webp"}, {"id": 5, "name": "Økologi", "image": "https://static-assets.digital.rema1000.dk/product/labels/5-64.webp"}, {"id": 40, "name": "Nøglehul", "image": "https://static-assets.digital.rema1000.dk/product/labels/40-64.webp"}], "description": "<b>Discount med holdning</b><br />I REMA 1000 har vi fokus på kvalitet til lave priser og overskriften på vores arbejde er Discount med holdning.<br />Vi har en klar holdning til alle de varer, vi sælger. Vi stiller ikke kun krav til kvaliteten af vores egne mærkevarer – det er også vigtigt for os, at emballagerne er designet til genanvendelse, at indholdet er uden problematiske stoffer, og at varerne er produceret ansvarligt samt mærket med tydelige og valide certificeringer.<br /><br /><b>Om denne vare</b><br />REMA 1000 økologisk hakket grønkål er høstet i højsæsonen – når de er bedst. Den hurtige indfrysning efter høsten sikrer, at grøntsagerne bevarer mest mulig smag, kvalitet og næringsstoffer.<br /><br />Hakket grønkål er perfekt til lasagne med kylling og grønkål eller i en smoothie med grønkål og blåbær. <br /><br />Tilberedes i gryde eller mikrobølgeovn efter anvisning på emballagen.", "info": "", "images": [{"small": "https://rema-product-images.digital.rema1000.dk/40838/1-small-MBoNxX09vA.webp", "medium": "https://rema-product-images.digital.rema1000.dk/40838/1-medium-MBoNxX09vA.webp", "large": "https://rema-product-images.digital.rema1000.dk/40838/1-large-MBoNxX09vA.webp"}], "prices": [{"price": 13.95, "price_over_max_quantity": null, "max_quantity": null, "is_advertised": false, "is_campaign": false, "starting_at": "2022-06-23T00:00:00+00:00", "ending_at": "2025-09-06T00:00:00+00:00", "deposit": null, "compare_unit": "kg", "compare_unit_price": 31, "consumption_unit": null, "consumption_quantity": null}], "temperature_zone": "frozen_18_degrees_celsius", "is_self_scale_item": false, "is_weight_item": false, "is_available_in_all_stores": true, "is_batch_item": false}
{"id": 40840, "name": "BLOMKÅLSRIS", "underline": "350 GR. / REMA 1000, ØKO.", "age_limit": null, "hazard_precaution_statements": [], "labels": [{"id": 2, "name": "REMA1000", "image": "https://static-assets.digital.rema1000.dk/product/labels/2-64.webp"}, {"id": 5, "name": "Økologi", "image": "https://static-assets.digital.rema1000.dk/product/labels/5-64.webp"}, {"id": 6, "name": "Økologi", "image": "https://static-assets.digital.rema1000.dk/product/labels/6-64.webp"}, {"id": 40, "name": "Nøglehul", "image": "https://static-assets.digital.rema1000.dk/product/labels/40-64.webp"}], "description": "<b>Discount med holdning</b><br />I REMA 1000 har vi fokus på kvalitet til lave priser og overskriften på vores arbejde er Discount med holdning.<br />Vi har en klar holdning til alle de varer, vi sælger. Vi stiller ikke kun krav til kvaliteten af vores egne mærkevarer – det er også vigtigt for os, at emballagerne er designet til genanvendelse, at indholdet er uden problematiske stoffer, og at varerne er produceret ansvarligt samt mærket med tydelige og valide certificeringer.<br /><br /><b>Om denne vare</b><br />REMA 1000 økologiske blomkålsris er finthakket blomkål, som er høstet i højsæsonen, når de er bedst. Den hurtige indfrysning efter høsten sikrer, at grøntsagerne bevarer mest mulig smag, kvalitet og næringsstoffer.<br /><br />Blomkålsris er ideel som supplement til almindelige ris, hvis du ønsker flere grøntsager i måltiderne. Brug fx blomkålsris i en frisk salat eller steg blomkålsrisene i olie og hvidløg og servér risene som tilbehør til gryderetter og andre lækre aftensmåltider såsom kylling i karry.<br /><br />Tilberedes i gryde eller mikrobølgeovn efter anvisning på emballagen.", "info": "", "images": [{"small": "https://rema-product-images.digital.rema1000.dk/40840/1-small-rQqQQwKqea.webp", "medium": "https://rema-product-images.digital.rema1000.dk/40840/1-medium-rQqQQwKqea.webp", "large": "https://rema-product-images.digital.rema1000.dk/40840/1-large-rQqQQwKqea.webp"}], "prices": [{"price": 13.95, "price_over_max_quantity": null, "max_quantity": null, "is_advertised": false, "is_campaign": false, "starting_at": "2022-06-23T00:00:00+00:00", "ending_at": "2025-09-06T00:00:00+00:00", "deposit": null, "compare_unit": "kg", "compare_unit_price": 39.86, "consumption_unit": null, "consumption_quantity": null}], "temperature_zone": "frozen_18_degrees_celsius", "is_self_scale_item": false, "is_weight_item": false, "is_available_in_all_stores": true, "is_batch_item": false}
{"id": 40920, "name": "CHILI CON CARNE", "underline": "450 GR. / LÆKKERT & NEMT", "age_limit": null, "hazard_precaution_statements": [], "labels": [{"id": 2, "name": "REMA1000", "image": "https://static-assets.digital.rema1000.dk/product/labels/2-64.webp"}, {"id": 40, "name": "Nøglehul", "image": "https://static-assets.digital.rema1000.dk/product/labels/40-64.webp"}], "description": "<b>Discount med holdning</b><br />I REMA 1000 har vi fokus på kvalitet til lave priser og overskriften på vores arbejde er Discount med holdning.<br />Vi har en klar holdning til alle de varer, vi sælger. Vi stiller ikke kun krav til kvaliteten af vores egne mærkevarer – det er også vigtigt for os, at emballagerne er designet til genanvendelse, at indholdet er uden problematiske stoffer, og at varerne er produceret ansvarligt samt mærket med tydelige og valide certificeringer.<br /><br /><b>Om denne vare</b><br />REMA 1000 chili con carne-blanding gør det nemt at lave en hurtig og lækker chili con carne. Perfekt, når aftensmaden gerne må være nem og lækker. <br /><br /><b>Tilberedning</b><br />1. Opvarm olie i en gryde, og steg hakket oksekød heri i ca. 3 min.<br />2. Tilsæt chili con carne-blandingen og lad simre i ca. 5 min.<br />3. Tilsæt hakkede tomater, tomatpasta, vand og oksebouillon.<br />4. Bring retten i kog og lad simre i ca. 20 min. <br /><br />Husk at tilkøbe hakket oksekød, hakkede tomater, tomatpasta og oksebouillon, så du har det hele til aftensmaden. <br /><br />Server evt. med kogte ris, creme fraiche, peanuts og hot sauce.", "info": "", "images": [{"small": "https://rema-product-images.digital.rema1000.dk/40920/1-small-AKqegyjPp1.webp", "medium": "https://rema-product-images.digital.rema1000.dk/40920/1-medium-AKqegyjPp1.webp", "large": "https://rema-product-images.digital.rema1000.dk/40920/1-large-AKqegyjPp1.webp"}], "prices": [{"price": 13.95, "price_over_max_quantity": null, "max_quantity": null, "is_advertised": false, "is_campaign": false, "starting_at": "2022-06-23T00:00:00+00:00", "ending_at": "2099-12-31T00:00:00+00:00", "deposit": null, "compare_unit": "kg", "compare_unit_price": 31, "consumption_unit": null, "consumption_quantity": null}], "temperature_zone": "frozen_18_degrees_celsius", "is_self_scale_item": false, "is_weight_item": false, "is_available_in_all_stores": true, "is_batch_item": false}
{"id": 410148, "name": "PÅLÆGSMIX", "underline": "400 GR. / DEFCO", "age_limit": null, "hazard_precaution_statements": [], "labels": [], "description": null, "info": "", "images": [{"small": "https://rema-product-images.digital.rema1000.dk/410148/1-small-OJq5vDLn9p.webp", "medium": "https://rema-product-images.digital.rema1000.dk/410148/1-medium-OJq5vDLn9p.webp", "large": "https://rema-product-images.digital.rema1000.dk/410148/1-large-OJq5vDLn9p.webp"}], "prices": [{"price": 19.95, "price_over_max_quantity": null, "max_quantity": null, "is_advertised": false, "is_campaign": false, "starting_at": "2022-11-17T00:00:00+00:00", "ending_at": "2099-12-31T00:00:00+00:00", "deposit": null, "compare_unit": "kg", "compare_unit_price": 49.88, "consumption_unit": null, "consumption_quantity": null}], "temperature_zone": "refrigerated_5_degrees_celsius", "is_self_scale_item": false, "is_weight_item": false, "is_available_in_all_stores": false, "is_batch_item": false}
{"id": 410202, "name": "KOGT SKINKE", "underline": "140 GR. / REMA 1000", "age_limit": null, "hazard_precaution_statements": [], "labels": [{"id": 2, "name": "REMA1000", "image": "https://static-assets.digital.rema1000.dk/product/labels/2-64.webp"}, {"id": 40, "name": "Nøglehul", "image": "https://static-assets.digital.rema1000.dk/product/labels/40-64.webp"}], "description": "<b>Discount med holdning</b><br />I REMA 1000 har vi fokus på kvalitet til lave priser og overskriften på vores arbejde er Discount med holdning.<br /><br />Vi har en klar holdning til alle de varer, vi sælger. Vi stiller ikke kun krav til kvaliteten af vores egne mærkevarer – det er også vigtigt for os, at emballagerne er designet til genanvendelse, at indholdet er uden problematiske stoffer, og at varerne er produceret ansvarligt samt mærket med tydelige og valide certificeringer.<br /><br /><b>Om denne vare</b><br />REMA 1000 kogt skinke er god til madpakken eller det klassiske danske frokostbord.<br /><br /><b>Om emballagen</b><br />Denne REMA 1000 skinke er pakket i 2-lags emballage, der er med til at bekæmpe madspild og samtidig tilbyde friskere produkter. Pålægspakken har to rum, som åbnes hver for sig. Når du er kommet halvvejs igennem din pakke, er der lukket af til den resterende halvdel. På denne måde holder dit pålæg sig friskt og lækkert i længere tid, og du undgår at smide resterne ud. ", "info": "", "images": [{"small": "https://rema-product-images.digital.rema1000.dk/410202/1-small-kAonrp3aox.webp", "medium": "https://rema-product-images.digital.rema1000.dk/410202/1-medium-kAonrp3aox.webp", "large": "https://rema-product-images.digital.rema1000.dk/410202/1-large-kAonrp3aox.webp"}], "prices": [{"price": 11.95, "price_over_max_quantity": null, "max_quantity": null, "is_advertised": false, "is_campaign": false, "starting_at": "2024-07-25T00:00:00+00:00", "ending_at": "2099-12-31T00:00:00+00:00", "deposit": null, "compare_unit": "kg", "compare_unit_price": 85.36, "consumption_unit": null, "consumption_quantity": null}], "temperature_zone": "refrigerated_5_degrees_celsius", "is_self_scale_item": false, "is_weight_item": false, "is_available_in_all_stores": true, "is_batch_item": false}
{"id": 410203, "name": "KYLLINGEBRYST", "underline": "120 GR. / REMA 1000", "age_limit": null, "hazard_precaution_statements": [], "labels": [{"id": 2, "name": "REMA1000", "image": "https://static-assets.digital.rema1000.dk/product/labels/2-64.webp"}, {"id": 40, "name": "Nøglehul", "image": "https://static-assets.digital.rema1000.dk/product/labels/40-64.webp"}], "description": "<b>Discount med holdning</b><br />I REMA 1000 har vi fokus på kvalitet til lave priser og overskriften på vores arbejde er Discount med holdning.<br /><br />Vi har en klar holdning til alle de varer, vi sælger. Vi stiller ikke kun krav til kvaliteten af vores egne mærkevarer – det er også vigtigt for os, at emballagerne er designet til genanvendelse, at indholdet er uden problematiske stoffer, og at varerne er produceret ansvarligt samt mærket med tydelige og valide certificeringer.<br /><br /><b>Om denne vare</b><br />REMA 1000 kyllingebryst er god til madpakken eller det klassiske danske frokostbord.<br /><br /><b>Om emballagen</b><br />Denne REMA 1000 kyllingebryst er pakket i 2-lags emballage, der er med til at bekæmpe madspild og samtidig tilbyde friskere produkter. Pålægspakken har to rum, som åbnes hver for sig. Når du er kommet halvvejs igennem din pakke, er der lukket af til den resterende halvdel. På denne måde holder dit pålæg sig friskt og lækkert i længere tid, og du undgår at smide resterne ud. ", "info": "", "images": [{"small": "https://rema-product-images.digital.rema1000.dk/410203/1-small-3MoML626P5.webp", "medium": "https://rema-product-images.digital.rema1000.dk/410203/1-medium-3MoML626P5.webp", "large": "https://rema-product-images.digital.rema1000.dk/410203/1-large-3MoML626P5.webp"}], "prices": [{"price": 15.95, "price_over_max_quantity": null, "max_quantity": null, "is_advertised": false, "is_campaign": false, "starting_at": "2025-05-22T00:00:00+00:00", "ending_at": "2099-12-31T00:00:00+00:00", "deposit": null, "compare_unit": "kg", "compare_unit_price": 132.92, "consumption_unit": null, "consumption_quantity": null}], "temperature_zone": "refrigerated_5_degrees_celsius", "is_self_scale_item": false, "is_weight_item": false, "is_available_in_all_stores": true, "is_batch_item": false}
{"id": 410204, "name": "RØGET FILET", "underline": "120 GR. / REMA 1000", "age_limit": null, "hazard_precaution_statements": [], "labels": [{"id": 2, "name": "REMA1000", "image": "https://static-assets.digital.rema1000.dk/product/labels/2-64.webp"}, {"id": 40, "name": "Nøglehul", "image": "https://static-assets.digital.rema1000.dk/product/labels/40-64.webp"}], "description": "<b>Discount med holdning</b><br />I REMA 1000 har vi fokus på kvalitet til lave priser og overskriften på vores arbejde er Discount med holdning.<br /><br />Vi har en klar holdning til alle de varer, vi sælger. Vi stiller ikke kun krav til kvaliteten af vores egne mærkevarer – det er også vigtigt for os, at emballagerne er designet til genanvendelse, at indholdet er uden problematiske stoffer, og at varerne er produceret ansvarligt samt mærket med tydelige og valide certificeringer.<br /><br /><b>Om denne vare</b><br />REMA 1000 røget filet er god til madpakken eller det klassiske danske frokostbord.", "info": "", "images": [{"small": "https://rema-product-images.digital.rema1000.dk/410204/1-small-OJq5vDgK9p.webp", "medium": "https://rema-product-images.digital.rema1000.dk/410204/1-medium-OJq5vDgK9p.webp", "large": "https://rema-product-images.digital.rema1000.dk/410204/1-large-OJq5vDgK9p.webp"}], "prices": [{"price": 13.5, "price_over_max_quantity": null, "max_quantity": null, "is_advertised": false, "is_campaign": false, "starting_at": "2025-06-19T00:00:00+00:00", "ending_at": "2099-12-31T00:00:00+00:00", "deposit": null, "compare_unit": "kg", "compare_unit_price": 112.5, "consumption_unit": null, "consumption_quantity": null}], "temperature_zone": "refrigerated_5_degrees_celsius", "is_self_scale_item": false, "is_weight_item": false, "is_available_in_all_stores": true, "is_batch_item": false}
{"id": 410205, "name": "RULLEPØLSE", "underline": "140 GR. / REMA 1000", "age_limit": null, "hazard_precaution_statements": [], "labels": [{"id": 2, "name": "REMA1000", "image": "https://static-assets.digital.rema1000.dk/product/labels/2-64.webp"}], "description": "<b>Discount med holdning</b><br />I REMA 1000 har vi fokus på kvalitet til lave priser og overskriften på vores arbejde er Discount med holdning.<br /><br />Vi har en klar holdning til alle de varer, vi sælger. Vi stiller ikke kun krav til kvaliteten af vores egne mærkevarer – det er også vigtigt for os, at emballagerne er designet til genanvendelse, at indholdet er uden problematiske stoffer, og at varerne er produceret ansvarligt samt mærket med tydelige og valide certificeringer.<br /><br /><b>Om denne vare</b><br />REMA 1000 rullepølse er god til madpakken eller det klassiske danske frokostbord.<br /><br /><b>Om emballagen</b><br />Denne REMA 1000 rullepølse er pakket i 2-lags emballage, der er med til at bekæmpe madspild og samtidig tilbyde friskere produkter. Pålægspakken har to rum, som åbnes hver for sig. Når du er kommet halvvejs igennem din pakke, er der lukket af til den resterende halvdel. På denne måde holder dit pålæg sig friskt og lækkert i længere tid, og du undgår at smide resterne ud. ", "info": "", "images": [{"small": "https://rema-product-images.digital.rema1000.dk/410205/1-small-xQq8Wj0noZ.webp", "medium": "https://rema-product-images.digital.rema1000.dk/410205/1-medium-xQq8Wj0noZ.webp", "large": "https://rema-product-images.digital.rema1000.dk/410205/1-large-xQq8Wj0noZ.webp"}], "prices": [{"price": 16.95, "price_over_max_quantity": null, "max_quantity": null, "is_advertised": false, "is_campaign": false, "starting_at": "2023-04-27T00:00:00+00:00", "ending_at": "2099-12-31T00:00:00+00:00", "deposit": null, "compare_unit": "kg", "compare_unit_price": 121.07, "consumption_unit": null, "consumption_quantity": null}], "temperature_zone": "refrigerated_5_degrees_celsius", "is_self_scale_item": false, "is_weight_item": false, "is_available_in_all_stores": true, "is_batch_item": false}
{"id": 410206, "name": "SALTKØD", "underline": "120 GR. / REMA 1000", "age_limit": null, "hazard_precaution_statements": [], "labels": [{"id": 2, "name": "REMA1000", "image": "https://static-assets.digital.rema1000.dk/product/labels/2-64.webp"}], "description": "<b>Discount med holdning</b><br />I REMA 1000 har vi fokus på kvalitet til lave priser og overskriften på vores arbejde er Discount med holdning.<br /><br />Vi har en klar holdning til alle de varer, vi sælger. Vi stiller ikke kun krav til kvaliteten af vores egne mærkevarer – det er også vigtigt for os, at emballagerne er designet til genanvendelse, at indholdet er uden problematiske stoffer, og at varerne er produceret ansvarligt samt mærket med tydelige og valide certificeringer.<br /><br /><b>Om denne vare</b><br />REMA 1000 saltkød er god til madpakken eller det klassiske danske frokostbord.", "info": "", "images": [{"small": "https://rema-product-images.digital.rema1000.dk/410206/1-small-vVor0YDD93.webp", "medium": "https://rema-product-images.digital.rema1000.dk/410206/1-medium-vVor0YDD93.webp", "large": "https://rema-product-images.digital.rema1000.dk/410206/1-large-vVor0YDD93.webp"}], "prices": [{"price": 19.95, "price_over_max_quantity": null, "max_quantity": null, "is_advertised": false, "is_campaign": false, "starting_at": "2025-06-19T00:00:00+00:00", "ending_at": "2099-12-31T00:00:00+00:00", "deposit": null, "compare_unit": "kg", "compare_unit_price": 166.25, "consumption_unit": null, "consumption_quantity": null}], "temperature_zone": "refrigerated_5_degrees_celsius", "is_self_scale_item": false, "is_weight_item": false, "is_available_in_all_stores": true, "is_batch_item": false}
{"id": 410207, "name": "HAMBURGERRYG", "underline": "140 GR. / REMA 1000", "age_limit": null, "hazard_precaution_statements": [], "labels": [{"id": 2, "name": "REMA1000", "image": "https://static-assets.digital.rema1000.dk/product/labels/2-64.webp"}, {"id": 40, "name": "Nøglehul", "image": "https://static-assets.digital.rema1000.dk/product/labels/40-64.webp"}], "description": "<b>Discount med holdning</b><br />I REMA 1000 har vi fokus på kvalitet til lave priser og overskriften på vores arbejde er Discount med holdning.<br /><br />Vi har en klar holdning til alle de varer, vi sælger. Vi stiller ikke kun krav til kvaliteten af vores egne mærkevarer – det er også vigtigt for os, at emballagerne er designet til genanvendelse, at indholdet er uden problematiske stoffer, og at varerne er produceret ansvarligt samt mærket med tydelige og valide certificeringer.<br /><br /><b>Om denne vare</b><br />REMA 1000 hamburgerryg er god til madpakken eller det klassiske danske frokostbord.<br /><br /><b>Om emballagen</b><br />Denne REMA 1000 hamburgerryg er pakket i 2-lags emballage, der er med til at bekæmpe madspild og samtidig tilbyde friskere produkter. Pålægspakken har to rum, som åbnes hver for sig. Når du er kommet halvvejs igennem din pakke, er der lukket af til den resterende halvdel. På denne måde holder dit pålæg sig friskt og lækkert i længere tid, og du undgår at smide resterne ud. ", "info": "", "images": [{"small": "https://rema-product-images.digital.rema1000.dk/410207/1-small-v09gl06mPA.webp", "medium": "https://rema-product-images.digital.rema1000.dk/410207/1-medium-v09gl06mPA.webp", "large": "https://rema-product-images.digital.rema1000.dk/410207/1-large-v09gl06mPA.webp"}], "prices": [{"price": 15.5, "price_over_max_quantity": null, "max_quantity": null, "is_advertised": false, "is_campaign": false, "starting_at": "2023-04-27T00:00:00+00:00", "ending_at": "2099-12-31T00:00:00+00:00", "deposit": null, "compare_unit": "kg", "compare_unit_price": 110.71, "consumption_unit": null, "consumption_quantity": null}], "temperature_zone": "refrigerated_5_degrees_celsius", "is_self_scale_item": false, "is_weight_item": false, "is_available_in_all_stores": true, "is_batch_item": false}
{"id": 410215, "name": "PEBERSKINKE", "underline": "100 GR. / REMA 1000", "age_limit": null, "hazard_precaution_statements": [], "labels": [{"id": 2, "name": "REMA1000", "image": "https://static-assets.digital.rema1000.dk/product/labels/2-64.webp"}, {"id": 40, "name": "Nøglehul", "image": "https://static-assets.digital.rema1000.dk/product/labels/40-64.webp"}], "description": null, "info": "", "images": [{"small": "https://rema-product-images.digital.rema1000.dk/410215/1-small-KpqRBdbXqL.webp", "medium": "https://rema-product-images.digital.rema1000.dk/410215/1-medium-KpqRBdbXqL.webp", "large": "https://rema-product-images.digital.rema1000.dk/410215/1-large-KpqRBdbXqL.webp"}], "prices": [{"price": 15.95, "price_over_max_quantity": null, "max_quantity": null, "is_advertised": false, "is_campaign": false, "starting_at": "2024-01-04T00:00:00+00:00", "ending_at": "2099-12-31T00:00:00+00:00", "deposit": null, "compare_unit": "kg", "compare_unit_price": 159.5, "consumption_unit": null, "consumption_quantity": null}], "temperature_zone": "refrigerated_5_degrees_celsius", "is_self_scale_item": false, "is_weight_item": false, "is_available_in_all_stores": true, "is_batch_item": false}
{"id": 410216, "name": "TYSK LANDSKINKE", "underline": "100 GR. / REMA 1000", "age_limit": null, "hazard_precaution_statements": [], "labels": [{"id": 2, "name": "REMA1000", "image": "https://static-assets.digital.rema1000.dk/product/labels/2-64.webp"}, {"id": 40, "name": "Nøglehul", "image": "https://static-assets.digital.rema1000.dk/product/labels/40-64.webp"}], "description": "<b>Discount med holdning</b><br />I REMA 1000 har vi fokus på kvalitet til lave priser og overskriften på vores arbejde er Discount med holdning.<br /><br />Vi har en klar holdning til alle de varer, vi sælger. Vi stiller ikke kun krav til kvaliteten af vores egne mærkevarer – det er også vigtigt for os, at emballagerne er designet til genanvendelse, at indholdet er uden problematiske stoffer, og at varerne er produceret ansvarligt samt mærket med tydelige og valide certificeringer.<br /><br /><b>Om denne vare</b><br />REMA 1000 specialitet, landskinke, er en traditionel kogt skinke, som er letrøget over bøgeflis for at give den gode smag. Skinken god til madpakken, til det klassiske danske frokostbord eller i en sandwich.", "info": "", "images": [{"small": "https://rema-product-images.digital.rema1000.dk/410216/1-small-6xqA8gk8oD.webp", "medium": "https://rema-product-images.digital.rema1000.dk/410216/1-medium-6xqA8gk8oD.webp", "large": "https://rema-product-images.digital.rema1000.dk/410216/1-large-6xqA8gk8oD.webp"}], "prices": [{"price": 15.95, "price_over_max_quantity": null, "max_quantity": null, "is_advertised": false, "is_campaign": false, "starting_at": "2024-01-04T00:00:00+00:00", "ending_at": "2099-12-31T00:00:00+00:00", "deposit": null, "compare_unit": "kg", "compare_unit_price": 159.5, "consumption_unit": null, "consumption_quantity": null}], "temperature_zone": "refrigerated_5_degrees_celsius", "is_self_scale_item": false, "is_weight_item": false, "is_available_in_all_stores": true, "is_batch_item": false}
{"id": 410245, "name": "LAKSEPATÉ", "underline": "200 GR. / LYKKEBERG 1899", "age_limit": null, "hazard_precaution_statements": [], "labels": [{"id": 40, "name": "Nøglehul", "image": "https://static-assets.digital.rema1000.dk/product/labels/40-64.webp"}], "description": null, "info": "", "images": [{"small": "https://rema-product-images.digital.rema1000.dk/410245/1-small-ElPBr7LJPk.webp", "medium": "https://rema-product-images.digital.rema1000.dk/410245/1-medium-ElPBr7LJPk.webp", "large": "https://rema-product-images.digital.rema1000.dk/410245/1-large-ElPBr7LJPk.webp"}], "prices": [{"price": 18.95, "price_over_max_quantity": null, "max_quantity": null, "is_advertised": false, "is_campaign": false, "starting_at": "2025-01-09T00:00:00+00:00", "ending_at": "2099-12-31T00:00:00+00:00", "deposit": null, "compare_unit": "kg", "compare_unit_price": 94.75, "consumption_unit": null, "consumption_quantity": null}], "temperature_zone": "refrigerated_5_degrees_celsius", "is_self_scale_item": false, "is_weight_item": false, "is_available_in_all_stores": false, "is_batch_item": false}
{"id": 410312, "name": "MILD KYLLINGE KØDPØLSE", "underline": "240 GR. / ROBERT", "age_limit": null, "hazard_precaution_statements": [], "labels": [{"id": 40, "name": "Nøglehul", "image": "https://static-assets.digital.rema1000.dk/product/labels/40-64.webp"}], "description": null, "info": "", "images": [{"small": "https://rema-product-images.digital.rema1000.dk/410312/1-small-18oXKDbdPk.webp", "medium": "https://rema-product-images.digital.rema1000.dk/410312/1-medium-18oXKDbdPk.webp", "large": "https://rema-product-images.digital.rema1000.dk/410312/1-large-18oXKDbdPk.webp"}], "prices": [{"price": 15.95, "price_over_max_quantity": null, "max_quantity": null, "is_advertised": false, "is_campaign": false, "starting_at": "2025-01-30T00:00:00+00:00", "ending_at": "2099-12-31T00:00:00+00:00", "deposit": null, "compare_unit": "kg", "compare_unit_price": 66.46, "consumption_unit": null, "consumption_quantity": null}], "temperature_zone": "refrigerated_5_degrees_celsius", "is_self_scale_item": false, "is_weight_item": false, "is_available_in_all_stores": true, "is_batch_item": false}
{"id": 410319, "name": "SNACK SALAMI CLASSIC", "underline": "25 GR. / BÖKLUNDER", "age_limit": null, "hazard_precaution_statements": [], "labels": [{"id": 9001, "name": "Avisvare", "image": "https://static-assets.digital.rema1000.dk/product/labels/9001-64.webp"}], "description": null, "info": "", "images": [{"small": "https://rema-product-images.digital.rema1000.dk/410319/1-small-rDq6p2e4Pb.webp", "medium": "https://rema-product-images.digital.rema1000.dk/410319/1-medium-rDq6p2e4Pb.webp", "large": "https://rema-product-images.digital.rema1000.dk/410319/1-large-rDq6p2e4Pb.webp"}], "prices": [{"price": 5, "price_over_max_quantity": null, "max_quantity": null, "is_advertised": true, "is_campaign": true, "starting_at": "2025-08-17T00:00:00+00:00", "ending_at": "2025-08-23T00:00:00+00:00", "deposit": null, "compare_unit": "kg", "compare_unit_price": 200, "consumption_unit": null, "consumption_quantity": null}, {"price": 6, "price_over_max_quantity": null, "max_quantity": null, "is_advertised": false, "is_campaign": false, "starting_at": "2025-08-24T00:00:00+00:00", "ending_at": "2099-12-31T00:00:00+00:00", "deposit": null, "compare_unit": "kg", "compare_unit_price": 240, "consumption_unit": null, "consumption_quantity": null}], "temperature_zone": "refrigerated_5_degrees_celsius", "is_self_scale_item": false, "is_weight_item": false, "is_available_in_all_stores": true, "is_batch_item": false}
{"id": 410322, "name": "SALAMI HAPSER", "underline": "20 GR. / PÅLÆKKER", "age_limit": null, "hazard_precaution_statements": [], "labels": [], "description": null, "info": "", "images": [{"small": "https://rema-product-images.digital.rema1000.dk/410322/1-small-pyozbmrAoX.webp", "medium": "https://rema-product-images.digital.rema1000.dk/410322/1-medium-pyozbmrAoX.webp", "large": "https://rema-product-images.digital.rema1000.dk/410322/1-large-pyozbmrAoX.webp"}], "prices": [{"price": 5, "price_over_max_quantity": null, "max_quantity": null, "is_advertised": false, "is_campaign": false, "starting_at": "2023-11-02T00:00:00+00:00", "ending_at": "2099-12-31T00:00:00+00:00", "deposit": null, "compare_unit": "kg", "compare_unit_price": 250, "consumption_unit": null, "consumption_quantity": null}], "temperature_zone": "refrigerated_5_degrees_celsius", "is_self_scale_item": false, "is_weight_item": false, "is_available_in_all_stores": true, "is_batch_item": false}
{"id": 410417, "name": "SCHWARZWÄLDER SKINKE", "underline": "100 GR. / REMA 1000", "age_limit": null, "hazard_precaution_statements": [], "labels": [{"id": 2, "name": "REMA1000", "image": "https://static-assets.digital.rema1000.dk/product/labels/2-64.webp"}], "description": "<b>Discount med holdning</b><br />I REMA 1000 har vi fokus på kvalitet til lave priser og overskriften på vores arbejde er Discount med holdning.<br /><br />Vi har en klar holdning til alle de varer, vi sælger. Vi stiller ikke kun krav til kvaliteten af vores egne mærkevarer – det er også vigtigt for os, at emballagerne er designet til genanvendelse, at indholdet er uden problematiske stoffer, og at varerne er produceret ansvarligt samt mærket med tydelige og valide certificeringer.<br /><br /><b>Om denne vare</b><br />REMA 1000 specialitet, Schwarzwälder skinke, er røget over grannåle som giver en fyldig og letrøget smag. Denne skinke er blandt andet god til frokostbordet og i en panini.", "info": "", "images": [{"small": "https://rema-product-images.digital.rema1000.dk/410417/1-small-Z8qp76K0o3.webp", "medium": "https://rema-product-images.digital.rema1000.dk/410417/1-medium-Z8qp76K0o3.webp", "large": "https://rema-product-images.digital.rema1000.dk/410417/1-large-Z8qp76K0o3.webp"}], "prices": [{"price": 14.95, "price_over_max_quantity": null, "max_quantity": null, "is_advertised": false, "is_campaign": false, "starting_at": "2023-03-30T00:00:00+00:00", "ending_at": "2099-12-31T00:00:00+00:00", "deposit": null, "compare_unit": "kg", "compare_unit_price": 149.5, "consumption_unit": null, "consumption_quantity": null}], "temperature_zone": "refrigerated_5_degrees_celsius", "is_self_scale_item": false, "is_weight_item": false, "is_available_in_all_stores": true, "is_batch_item": false}
{"id": 410512, "name": "FRIKADELLER", "underline": "260 GR. / REMA 1000", "age_limit": null, "hazard_precaution_statements": [], "labels": [{"id": 2, "name": "REMA1000", "image": "https://static-assets.digital.rema1000.dk/product/labels/2-64.webp"}], "description": "<b>Discount med holdning</b><br />I REMA 1000 har vi fokus på kvalitet til lave priser og overskriften på vores arbejde er Discount med holdning.<br /><br />Vi har en klar holdning til alle de varer, vi sælger. Vi stiller ikke kun krav til kvaliteten af vores egne mærkevarer – det er også vigtigt for os, at emballagerne er designet til genanvendelse, at indholdet er uden problematiske stoffer, og at varerne er produceret ansvarligt samt mærket med tydelige og valide certificeringer.<br /><br /><b>Om denne vare</b><br />REMA 1000 frikadeller er gode til det klassiske danske frokostbord. Fx i en frikadellesandwich eller på et godt stykke rugbrød.", "info": "", "images": [{"small": "https://rema-product-images.digital.rema1000.dk/410512/1-small-18oXK7z7Pk.webp", "medium": "https://rema-product-images.digital.rema1000.dk/410512/1-medium-18oXK7z7Pk.webp", "large": "https://rema-product-images.digital.rema1000.dk/410512/1-large-18oXK7z7Pk.webp"}, {"small": "https://rema-product-images.digital.rema1000.dk/410512/2-small-18oXK7z7Pk.webp", "medium": "https://rema-product-images.digital.rema1000.dk/410512/2-medium-18oXK7z7Pk.webp", "large": "https://rema-product-images.digital.rema1000.dk/410512/2-large-18oXK7z7Pk.webp"}], "prices": [{"price": 17.95, "price_over_max_quantity": null, "max_quantity": null, "is_advertised": false, "is_campaign": false, "starting_at": "2023-04-27T00:00:00+00:00", "ending_at": "2099-12-31T00:00:00+00:00", "deposit": null, "compare_unit": "kg", "compare_unit_price": 69.04, "consumption_unit": null, "consumption_quantity": null}], "temperature_zone": "refrigerated_5_degrees_celsius", "is_self_scale_item": false, "is_weight_item": false, "is_available_in_all_stores": true, "is_batch_item": false}
{"id": 410638, "name": "KYLLINGEBRYST M/CHILI", "underline": "100 GR. / DEN GRØNNE SLAGTER", "age_limit": null, "hazard_precaution_statements": [], "labels": [{"id": 40, "name": "Nøglehul", "image": "https://static-assets.digital.rema1000.dk/product/labels/40-64.webp"}], "description": null, "info": "", "images": [{"small": "https://rema-product-images.digital.rema1000.dk/410638/1-small-MBoNXGXR9v.webp", "medium": "https://rema-product-images.digital.rema1000.dk/410638/1-medium-MBoNXGXR9v.webp", "large": "https://rema-product-images.digital.rema1000.dk/410638/1-large-MBoNXGXR9v.webp"}], "prices": [{"price": 16.95, "price_over_max_quantity": null, "max_quantity": null, "is_advertised": false, "is_campaign": false, "starting_at": "2023-11-02T00:00:00+00:00", "ending_at": "2025-09-06T00:00:00+00:00", "deposit": null, "compare_unit": "kg", "compare_unit_price": 169.5, "consumption_unit": null, "consumption_quantity": null}], "temperature_zone": "refrigerated_5_degrees_celsius", "is_self_scale_item": false, "is_weight_item": false, "is_available_in_all_stores": true, "is_batch_item": false}
{"id": 410664, "name": "LILLE LEVERPOSTEJ", "underline": "175 GR. / SLAGTERMESTER ANDERSEN", "age_limit": null, "hazard_precaution_statements": [], "labels": [], "description": null, "info": "", "images": [{"small": "https://rema-product-images.digital.rema1000.dk/410664/1-small-AKqeQYEeqp.webp", "medium": "https://rema-product-images.digital.rema1000.dk/410664/1-medium-AKqeQYEeqp.webp", "large": "https://rema-product-images.digital.rema1000.dk/410664/1-large-AKqeQYEeqp.webp"}], "prices": [{"price": 10, "price_over_max_quantity": null, "max_quantity": null, "is_advertised": false, "is_campaign": false, "starting_at": "2024-04-04T00:00:00+00:00", "ending_at": "2099-12-31T00:00:00+00:00", "deposit": null, "compare_unit": "kg", "compare_unit_price": 57.14, "consumption_unit": null, "consumption_quantity": null}], "temperature_zone": "refrigerated_5_degrees_celsius", "is_self_scale_item": false, "is_weight_item": false, "is_available_in_all_stores": true, "is_batch_item": false}
{"id": 410817, "name": "KYLLING I TERN", "underline": "150 GR. / REMA1000, 2-PAK", "age_limit": null, "hazard_precaution_statements": [], "labels": [{"id": 2, "name": "REMA1000", "image": "https://static-assets.digital.rema1000.dk/product/labels/2-64.webp"}, {"id": 40, "name": "Nøglehul", "image": "https://static-assets.digital.rema1000.dk/product/labels/40-64.webp"}], "description": "<b>Discount med holdning</b><br />I REMA 1000 har vi fokus på kvalitet til lave priser og overskriften på vores arbejde er Discount med holdning.<br /><br />Vi har en klar holdning til alle de varer, vi sælger. Vi stiller ikke kun krav til kvaliteten af vores egne mærkevarer – det er også vigtigt for os, at emballagerne er designet til genanvendelse, at indholdet er uden problematiske stoffer, og at varerne er produceret ansvarligt samt mærket med tydelige og valide certificeringer.<br /><br /><b>Om denne vare</b><br />REMA 1000 kylling i tern er god i pitabrød, i en tærte eller i en gryde- eller wokret.<br /><br /><b>Om emballagen</b><br />Denne REMA 1000 kylling i tern er pakket i 2-rums emballage, der er med til at bekæmpe madspild og samtidig tilbyde friskere produkter. Pakken har to rum, som kan åbnes hver for sig. På denne måde holder maden sig frisk og lækker i længere tid, og du undgår at smide resterne ud.", "info": "", "images": [{"small": "https://rema-product-images.digital.rema1000.dk/410817/1-small-Z8qp7Wz1o3.webp", "medium": "https://rema-product-images.digital.rema1000.dk/410817/1-medium-Z8qp7Wz1o3.webp", "large": "https://rema-product-images.digital.rema1000.dk/410817/1-large-Z8qp7Wz1o3.webp"}], "prices": [{"price": 17.95, "price_over_max_quantity": null, "max_quantity": null, "is_advertised": false, "is_campaign": false, "starting_at": "2025-05-22T00:00:00+00:00", "ending_at": "2099-12-31T00:00:00+00:00", "deposit": null, "compare_unit": "kg", "compare_unit_price": 119.67, "consumption_unit": null, "consumption_quantity": null}], "temperature_zone": "refrigerated_5_degrees_celsius", "is_self_scale_item": false, "is_weight_item": false, "is_available_in_all_stores": true, "is_batch_item": false}
{"id": 410829, "name": "BACON I SKIVER 3 PAK.", "underline": "375 GR. / TULIP", "age_limit": null, "hazard_precaution_statements": [], "labels": [], "description": null, "info": "", "images": [{"small": "https://rema-product-images.digital.rema1000.dk/410829/1-small-pYqxAEJn91.webp", "medium": "https://rema-product-images.digital.rema1000.dk/410829/1-medium-pYqxAEJn91.webp", "large": "https://rema-product-images.digital.rema1000.dk/410829/1-large-pYqxAEJn91.webp"}], "prices": [{"price": 44.95, "price_over_max_quantity": null, "max_quantity": null, "is_advertised": false, "is_campaign": false, "starting_at": "2025-05-22T00:00:00+00:00", "ending_at": "2099-12-31T00:00:00+00:00", "deposit": null, "compare_unit": "kg", "compare_unit_price": 119.87, "consumption_unit": null, "consumption_quantity": null}], "temperature_zone": "refrigerated_5_degrees_celsius", "is_self_scale_item": false, "is_weight_item": false, "is_available_in_all_stores": false, "is_batch_item": false}
{"id": 410858, "name": "BACONMIX", "underline": "300 GR.", "age_limit": null, "hazard_precaution_statements": [], "labels": [], "description": null, "info": "", "images": [{"small": "https://rema-product-images.digital.rema1000.dk/410858/1-small-3MovgEekqA.webp", "medium": "https://rema-product-images.digital.rema1000.dk/410858/1-medium-3MovgEekqA.webp", "large": "https://rema-product-images.digital.rema1000.dk/410858/1-large-3MovgEekqA.webp"}], "prices": [{"price": 18.95, "price_over_max_quantity": null, "max_quantity": null, "is_advertised": false, "is_campaign": false, "starting_at": "2023-01-05T00:00:00+00:00", "ending_at": "2099-12-31T00:00:00+00:00", "deposit": null, "compare_unit": "kg", "compare_unit_price": 63.17, "consumption_unit": null, "consumption_quantity": null}], "temperature_zone": "refrigerated_5_degrees_celsius", "is_self_scale_item": false, "is_weight_item": false, "is_available_in_all_stores": false, "is_batch_item": false}
{"id": 410873, "name": "BACON I SKIVER", "underline": "150 GR. / REMA 1000", "age_limit": null, "hazard_precaution_statements": [], "labels": [{"id": 2, "name": "REMA1000", "image": "https://static-assets.digital.rema1000.dk/product/labels/2-64.webp"}], "description": "<b>Discount med holdning</b><br />I REMA 1000 har vi fokus på kvalitet til lave priser og overskriften på vores arbejde er Discount med holdning.<br /><br />Vi har en klar holdning til alle de varer, vi sælger. Vi stiller ikke kun krav til kvaliteten af vores egne mærkevarer – det er også vigtigt for os, at emballagerne er designet til genanvendelse, at indholdet er uden problematiske stoffer, og at varerne er produceret ansvarligt samt mærket med tydelige og valide certificeringer.<br /><br /><b>Om denne vare</b><br />REMA 1000 bacon i skiver er god til de klassiske danske frokost- og middagsretter. Fx som tilbehør til varm leverpostej eller i en fyldig burger.", "info": "", "images": [{"small": "https://rema-product-images.digital.rema1000.dk/410873/1-small-pYqxAEVn91.webp", "medium": "https://rema-product-images.digital.rema1000.dk/410873/1-medium-pYqxAEVn91.webp", "large": "https://rema-product-images.digital.rema1000.dk/410873/1-large-pYqxAEVn91.webp"}], "prices": [{"price": 15.95, "price_over_max_quantity": null, "max_quantity": null, "is_advertised": false, "is_campaign": false, "starting_at": "2025-05-08T00:00:00+00:00", "ending_at": "2099-12-31T00:00:00+00:00", "deposit": null, "compare_unit": "kg", "compare_unit_price": 106.33, "consumption_unit": null, "consumption_quantity": null}], "temperature_zone": "refrigerated_5_degrees_celsius", "is_self_scale_item": false, "is_weight_item": false, "is_available_in_all_stores": true, "is_batch_item": false}
{"id": 410874, "name": "BACON I TERN", "underline": "150 GR. / FEDTREDUCERET, REMA 1000", "age_limit": null, "hazard_precaution_statements": [], "labels": [{"id": 2, "name": "REMA1000", "image": "https://static-assets.digital.rema1000.dk/product/labels/2-64.webp"}], "description": "<b>Discount med holdning</b><br />I REMA 1000 har vi fokus på kvalitet til lave priser og overskriften på vores arbejde er Discount med holdning.<br /><br />Vi har en klar holdning til alle de varer, vi sælger. Vi stiller ikke kun krav til kvaliteten af vores egne mærkevarer – det er også vigtigt for os, at emballagerne er designet til genanvendelse, at indholdet er uden problematiske stoffer, og at varerne er produceret ansvarligt samt mærket med tydelige og valide certificeringer.<br /><br /><b>Om denne vare</b><br />REMA 1000 fedtreduceret bacon i tern er god i broccolisalat, eller i en pasta- eller gryderet.<br /><br /><b>Om emballagen</b><br />Denne REMA 1000 fedtreduceret bacon i tern er pakket i 2-rums emballage, der er med til at bekæmpe madspild og samtidig tilbyde friskere produkter. Pakken har to rum, som kan åbnes hver for sig. På denne måde holder maden sig frisk og lækker i længere tid, og du undgår at smide resterne ud.", "info": "", "images": [{"small": "https://rema-product-images.digital.rema1000.dk/410874/1-small-869Djd36oM.webp", "medium": "https://rema-product-images.digital.rema1000.dk/410874/1-medium-869Djd36oM.webp", "large": "https://rema-product-images.digital.rema1000.dk/410874/1-large-869Djd36oM.webp"}], "prices": [{"price": 17.95, "price_over_max_quantity": null, "max_quantity": null, "is_advertised": false, "is_campaign": false, "starting_at": "2023-04-27T00:00:00+00:00", "ending_at": "2099-12-31T00:00:00+00:00", "deposit": null, "compare_unit": "kg", "compare_unit_price": 119.67, "consumption_unit": null, "consumption_quantity": null}], "temperature_zone": "refrigerated_5_degrees_celsius", "is_self_scale_item": false, "is_weight_item": false, "is_available_in_all_stores": true, "is_batch_item": false}
{"id": 410943, "name": "PØLSEHORNSPØLSER", "underline": "240 GR.", "age_limit": null, "hazard_precaution_statements": [], "labels": [{"id": 2, "name": "REMA1000", "image": "https://static-assets.digital.rema1000.dk/product/labels/2-64.webp"}], "description": "<b>Discount med holdning</b><br />I REMA 1000 har vi fokus på kvalitet til lave priser og overskriften på vores arbejde er Discount med holdning.<br /> <br />Vi har en klar holdning til alle de varer, vi sælger. Vi stiller ikke kun krav til kvaliteten af vores egne mærkevarer – det er også vigtigt for os, at emballagerne er designet til genanvendelse, at indholdet er uden problematiske stoffer, og at varerne er produceret ansvarligt samt mærket med tydelige og valide certificeringer.<br /><br /><b>Om denne vare</b><br />REMA 1000 pølsehornspølser er gode til pølsehorn eller i madpakken.<br /><br />Tilberedning: steges efter anvisning på pakken.", "info": "", "images": [{"small": "https://rema-product-images.digital.rema1000.dk/410943/1-small-dyomVxL3qV.webp", "medium": "https://rema-product-images.digital.rema1000.dk/410943/1-medium-dyomVxL3qV.webp", "large": "https://rema-product-images.digital.rema1000.dk/410943/1-large-dyomVxL3qV.webp"}], "prices": [{"price": 15.95, "price_over_max_quantity": null, "max_quantity": null, "is_advertised": false, "is_campaign": false, "starting_at": "2024-01-04T00:00:00+00:00", "ending_at": "2099-12-31T00:00:00+00:00", "deposit": null, "compare_unit": "kg", "compare_unit_price": 66.46, "consumption_unit": null, "consumption_quantity": null}], "temperature_zone": "refrigerated_5_degrees_celsius", "is_self_scale_item": false, "is_weight_item": false, "is_available_in_all_stores": false, "is_batch_item": false}
{"id": 410947, "name": "BACON-OSTEPØLSER", "underline": "360 GR. / SLAGTERMESTER ANDERSEN", "age_limit": null, "hazard_precaution_statements": [], "labels": [], "description": null, "info": "", "images": [{"small": "https://rema-product-images.digital.rema1000.dk/410947/1-small-3MoMLjlkP5.webp", "medium": "https://rema-product-images.digital.rema1000.dk/410947/1-medium-3MoMLjlkP5.webp", "large": "https://rema-product-images.digital.rema1000.dk/410947/1-large-3MoMLjlkP5.webp"}], "prices": [{"price": 25, "price_over_max_quantity": null, "max_quantity": null, "is_advertised": false, "is_campaign": false, "starting_at": "2022-06-30T00:00:00+00:00", "ending_at": "2099-12-31T00:00:00+00:00", "deposit": null, "compare_unit": "kg", "compare_unit_price": 69.44, "consumption_unit": null, "consumption_quantity": null}], "temperature_zone": "refrigerated_5_degrees_celsius", "is_self_scale_item": false, "is_weight_item": false, "is_available_in_all_stores": false, "is_batch_item": false}
{"id": 410958, "name": "RØDE KNÆKKER", "underline": "360 GR. / SLAGTERMESTER ANDERSEN", "age_limit": null, "hazard_precaution_statements": [], "labels": [], "description": "Med det rigtige knæk, både grillet eller kogt.", "info": "", "images": [{"small": "https://rema-product-images.digital.rema1000.dk/410958/1-small-3MovgEzmqA.webp", "medium": "https://rema-product-images.digital.rema1000.dk/410958/1-medium-3MovgEzmqA.webp", "large": "https://rema-product-images.digital.rema1000.dk/410958/1-large-3MovgEzmqA.webp"}], "prices": [{"price": 25, "price_over_max_quantity": null, "max_quantity": null, "is_advertised": false, "is_campaign": false, "starting_at": "2022-06-30T00:00:00+00:00", "ending_at": "2099-12-31T00:00:00+00:00", "deposit": null, "compare_unit": "kg", "compare_unit_price": 69.44, "consumption_unit": null, "consumption_quantity": null}], "temperature_zone": "refrigerated_5_degrees_celsius", "is_self_scale_item": false, "is_weight_item": false, "is_available_in_all_stores": false, "is_batch_item": false}
{"id": 410961, "name": "GRILLPØLSER", "underline": "550 GR. / REMA 1000", "age_limit": null, "hazard_precaution_statements": [], "labels": [{"id": 2, "name": "REMA1000", "image": "https://static-assets.digital.rema1000.dk/product/labels/2-64.webp"}], "description": "<b>Discount med holdning</b><br />I REMA 1000 har vi fokus på kvalitet til lave priser og overskriften på vores arbejde er Discount med holdning.<br /> <br />Vi har en klar holdning til alle de varer, vi sælger. Vi stiller ikke kun krav til kvaliteten af vores egne mærkevarer – det er også vigtigt for os, at emballagerne er designet til genanvendelse, at indholdet er uden problematiske stoffer, og at varerne er produceret ansvarligt samt mærket med tydelige og valide certificeringer.<br /><br /><b>Om denne vare</b><br />REMA 1000 grillpølser er gode i klassisk hotdog eller kolde på et stykke smørrebrød.<br /><br />Tilberedning: steges eller grilles efter anvisning på pakken.", "info": "", "images": [{"small": "https://rema-product-images.digital.rema1000.dk/410961/1-small-Z8qp7WElo3.webp", "medium": "https://rema-product-images.digital.rema1000.dk/410961/1-medium-Z8qp7WElo3.webp", "large": "https://rema-product-images.digital.rema1000.dk/410961/1-large-Z8qp7WElo3.webp"}], "prices": [{"price": 29.95, "price_over_max_quantity": null, "max_quantity": null, "is_advertised": false, "is_campaign": false, "starting_at": "2023-04-27T00:00:00+00:00", "ending_at": "2099-12-31T00:00:00+00:00", "deposit": null, "compare_unit": "kg", "compare_unit_price": 54.45, "consumption_unit": null, "consumption_quantity": null}], "temperature_zone": "refrigerated_5_degrees_celsius", "is_self_scale_item": false, "is_weight_item": false, "is_available_in_all_stores": true, "is_batch_item": false}
{"id": 410962, "name": "HOTDOG PØLSER", "underline": "500 GR. / REMA 1000", "age_limit": null, "hazard_precaution_statements": [], "labels": [{"id": 2, "name": "REMA1000", "image": "https://static-assets.digital.rema1000.dk/product/labels/2-64.webp"}], "description": "<b>Discount med holdning</b><br />I REMA 1000 har vi fokus på kvalitet til lave priser og overskriften på vores arbejde er Discount med holdning.<br /> <br />Vi har en klar holdning til alle de varer, vi sælger. Vi stiller ikke kun krav til kvaliteten af vores egne mærkevarer – det er også vigtigt for os, at emballagerne er designet til genanvendelse, at indholdet er uden problematiske stoffer, og at varerne er produceret ansvarligt samt mærket med tydelige og valide certificeringer.<br /><br /><b>Om denne vare</b><br />REMA 1000 hotdogpølser er gode i klassisk hotdog eller kolde på et stykke smørrebrød.<br /><br />Tilberedning: koges i en gryde efter anvisning på pakken.", "info": "", "images": [{"small": "https://rema-product-images.digital.rema1000.dk/410962/1-small-2B94W7DYqk.webp", "medium": "https://rema-product-images.digital.rema1000.dk/410962/1-medium-2B94W7DYqk.webp", "large": "https://rema-product-images.digital.rema1000.dk/410962/1-large-2B94W7DYqk.webp"}], "prices": [{"price": 32.95, "price_over_max_quantity": null, "max_quantity": null, "is_advertised": false, "is_campaign": false, "starting_at": "2023-04-27T00:00:00+00:00", "ending_at": "2025-08-20T00:00:00+00:00", "deposit": null, "compare_unit": "kg", "compare_unit_price": 65.9, "consumption_unit": null, "consumption_quantity": null}, {"price": 33.95, "price_over_max_quantity": null, "max_quantity": null, "is_advertised": false, "is_campaign": false, "starting_at": "2025-08-21T00:00:00+00:00", "ending_at": "2099-12-31T00:00:00+00:00", "deposit": null, "compare_unit": "kg", "compare_unit_price": 67.9, "consumption_unit": null, "consumption_quantity": null}], "temperature_zone": "refrigerated_5_degrees_celsius", "is_self_scale_item": false, "is_weight_item": false, "is_available_in_all_stores": true, "is_batch_item": false}
{"id": 410963, "name": "KYLLINGE PØLSER", "underline": "300 GR. / REMA 1000", "age_limit": null, "hazard_precaution_statements": [], "labels": [{"id": 2, "name": "REMA1000", "image": "https://static-assets.digital.rema1000.dk/product/labels/2-64.webp"}], "description": "<b>Discount med holdning</b><br />I REMA 1000 har vi fokus på kvalitet til lave priser og overskriften på vores arbejde er Discount med holdning.<br /> <br />Vi har en klar holdning til alle de varer, vi sælger. Vi stiller ikke kun krav til kvaliteten af vores egne mærkevarer – det er også vigtigt for os, at emballagerne er designet til genanvendelse, at indholdet er uden problematiske stoffer, og at varerne er produceret ansvarligt samt mærket med tydelige og valide certificeringer.<br /><br /><b>Om denne vare</b><br />REMA 1000 kyllingepølser er gode i madpakken eller til pølsehorn.<br /><br />Tilberedning: koges i en gryde efter anvisning på pakken.", "info": "", "images": [{"small": "https://rema-product-images.digital.rema1000.dk/410963/1-small-rDq6p0k3Pb.webp", "medium": "https://rema-product-images.digital.rema1000.dk/410963/1-medium-rDq6p0k3Pb.webp", "large": "https://rema-product-images.digital.rema1000.dk/410963/1-large-rDq6p0k3Pb.webp"}], "prices": [{"price": 16.95, "price_over_max_quantity": null, "max_quantity": null, "is_advertised": false, "is_campaign": false, "starting_at": "2024-12-12T00:00:00+00:00", "ending_at": "2099-12-31T00:00:00+00:00", "deposit": null, "compare_unit": "kg", "compare_unit_price": 56.5, "consumption_unit": null, "consumption_quantity": null}], "temperature_zone": "refrigerated_5_degrees_celsius", "is_self_scale_item": false, "is_weight_item": false, "is_available_in_all_stores": true, "is_batch_item": false}
{"id": 410964, "name": "WIENERPØLSER", "underline": "500 GR. / REMA 1000", "age_limit": null, "hazard_precaution_statements": [], "labels": [{"id": 2, "name": "REMA1000", "image": "https://static-assets.digital.rema1000.dk/product/labels/2-64.webp"}], "description": "<b>Discount med holdning</b><br />I REMA 1000 har vi fokus på kvalitet til lave priser og overskriften på vores arbejde er Discount med holdning.<br /> <br />Vi har en klar holdning til alle de varer, vi sælger. Vi stiller ikke kun krav til kvaliteten af vores egne mærkevarer – det er også vigtigt for os, at emballagerne er designet til genanvendelse, at indholdet er uden problematiske stoffer, og at varerne er produceret ansvarligt samt mærket med tydelige og valide certificeringer.<br /><br /><b>Om denne vare</b><br />REMA 1000 wienerpølser er gode i klassisk hotdog eller kolde på et stykke smørrebrød.<br /><br />Tilberedning: koges i en gryde efter anvisning på pakken.", "info": "", "images": [{"small": "https://rema-product-images.digital.rema1000.dk/410964/1-small-AKqeQYeQqp.webp", "medium": "https://rema-product-images.digital.rema1000.dk/410964/1-medium-AKqeQYeQqp.webp", "large": "https://rema-product-images.digital.rema1000.dk/410964/1-large-AKqeQYeQqp.webp"}], "prices": [{"price": 32.95, "price_over_max_quantity": null, "max_quantity": null, "is_advertised": false, "is_campaign": false, "starting_at": "2023-04-27T00:00:00+00:00", "ending_at": "2025-08-20T00:00:00+00:00", "deposit": null, "compare_unit": "kg", "compare_unit_price": 65.9, "consumption_unit": null, "consumption_quantity": null}, {"price": 33.95, "price_over_max_quantity": null, "max_quantity": null, "is_advertised": false, "is_campaign": false, "starting_at": "2025-08-21T00:00:00+00:00", "ending_at": "2099-12-31T00:00:00+00:00", "deposit": null, "compare_unit": "kg", "compare_unit_price": 67.9, "consumption_unit": null, "consumption_quantity": null}], "temperature_zone": "refrigerated_5_degrees_celsius", "is_self_scale_item": false, "is_weight_item": false, "is_available_in_all_stores": true, "is_batch_item": false}
{"id": 410965, "name": "PARTYPØLSER", "underline": "500 GR. / REMA 1000", "age_limit": null, "hazard_precaution_statements": [], "labels": [{"id": 2, "name": "REMA1000", "image": "https://static-assets.digital.rema1000.dk/product/labels/2-64.webp"}], "description": "<b>Discount med holdning</b><br />I REMA 1000 har vi fokus på kvalitet til lave priser og overskriften på vores arbejde er Discount med holdning.<br /> <br />Vi har en klar holdning til alle de varer, vi sælger. Vi stiller ikke kun krav til kvaliteten af vores egne mærkevarer – det er også vigtigt for os, at emballagerne er designet til genanvendelse, at indholdet er uden problematiske stoffer, og at varerne er produceret ansvarligt samt mærket med tydelige og valide certificeringer.<br /><br /><b>Om denne vare</b><br />REMA 1000 partypølser er gode til pizza, æggekage eller i biksemad.<br /><br />Tilberedning: steges efter anvisning på pakken.", "info": "", "images": [{"small": "https://rema-product-images.digital.rema1000.dk/410965/1-small-bJ9Y7KYpoL.webp", "medium": "https://rema-product-images.digital.rema1000.dk/410965/1-medium-bJ9Y7KYpoL.webp", "large": "https://rema-product-images.digital.rema1000.dk/410965/1-large-bJ9Y7KYpoL.webp"}], "prices": [{"price": 27.95, "price_over_max_quantity": null, "max_quantity": null, "is_advertised": false, "is_campaign": false, "starting_at": "2023-04-27T00:00:00+00:00", "ending_at": "2099-12-31T00:00:00+00:00", "deposit": null, "compare_unit": "kg", "compare_unit_price": 55.9, "consumption_unit": null, "consumption_quantity": null}], "temperature_zone": "refrigerated_5_degrees_celsius", "is_self_scale_item": false, "is_weight_item": false, "is_available_in_all_stores": true, "is_batch_item": false}
{"id": 410976, "name": "FRANKFURTER", "underline": "200 GR. / MED OST, MEGET MERE GRILL", "age_limit": null, "hazard_precaution_statements": [], "labels": [], "description": null, "info": "", "images": [{"small": "https://rema-product-images.digital.rema1000.dk/410976/1-small-nDPWVg6Y9W.webp", "medium": "https://rema-product-images.digital.rema1000.dk/410976/1-medium-nDPWVg6Y9W.webp", "large": "https://rema-product-images.digital.rema1000.dk/410976/1-large-nDPWVg6Y9W.webp"}], "prices": [{"price": 13.95, "price_over_max_quantity": null, "max_quantity": null, "is_advertised": false, "is_campaign": false, "starting_at": "2023-06-01T00:00:00+00:00", "ending_at": "2099-12-31T00:00:00+00:00", "deposit": null, "compare_unit": "kg", "compare_unit_price": 69.75, "consumption_unit": null, "consumption_quantity": null}], "temperature_zone": "refrigerated_5_degrees_celsius", "is_self_scale_item": false, "is_weight_item": false, "is_available_in_all_stores": true, "is_batch_item": false}
{"id": 410997, "name": "SPARERIBS", "underline": "550 GR. / MED BARBECUEMARINADE", "age_limit": null, "hazard_precaution_statements": [], "labels": [], "description": null, "info": "", "images": [{"small": "https://rema-product-images.digital.rema1000.dk/410997/1-small-aboK12Rm9p.webp", "medium": "https://rema-product-images.digital.rema1000.dk/410997/1-medium-aboK12Rm9p.webp", "large": "https://rema-product-images.digital.rema1000.dk/410997/1-large-aboK12Rm9p.webp"}], "prices": [{"price": 49.95, "price_over_max_quantity": null, "max_quantity": null, "is_advertised": false, "is_campaign": false, "starting_at": "2022-11-17T00:00:00+00:00", "ending_at": "2025-09-06T00:00:00+00:00", "deposit": null, "compare_unit": "kg", "compare_unit_price": 90.82, "consumption_unit": null, "consumption_quantity": null}], "temperature_zone": "refrigerated_5_degrees_celsius", "is_self_scale_item": false, "is_weight_item": false, "is_available_in_all_stores": true, "is_batch_item": false}
{"id": 411029, "name": "PULLED PORK", "underline": "500 GR. / TULIP", "age_limit": null, "hazard_precaution_statements": [], "labels": [{"id": 40, "name": "Nøglehul", "image": "https://static-assets.digital.rema1000.dk/product/labels/40-64.webp"}], "description": "Pulled Pork er klassikeren indenfor Slow Cooked. Inspirationen er hentet fra de grillelskende amerikanske sydstater, der har stærke traditioner for velkrydret mørt kød på grill. Råvarerne er ligesom krydderierne specielt udvalgt og sammen med den lange tilberedningstid sikrer de et helt unikt produkt: saftigt kød med masser af smag og samtidig så mørt at det nemt trækkes fra hinanden med to gafler - heraf navnet Pulled Pork. Tulip Pulled Pork er færdigtilberedt og skal kun have 30 minutter på grillen eller i ovnen før kødet er klar til servering¦nemt og lækkert både til hverdag og weekend!", "info": "", "images": [{"small": "https://rema-product-images.digital.rema1000.dk/411029/1-small-pYqxAEGp91.webp", "medium": "https://rema-product-images.digital.rema1000.dk/411029/1-medium-pYqxAEGp91.webp", "large": "https://rema-product-images.digital.rema1000.dk/411029/1-large-pYqxAEGp91.webp"}], "prices": [{"price": 49.95, "price_over_max_quantity": null, "max_quantity": null, "is_advertised": false, "is_campaign": false, "starting_at": "2023-11-02T00:00:00+00:00", "ending_at": "2025-08-20T00:00:00+00:00", "deposit": null, "compare_unit": "kg", "compare_unit_price": 99.9, "consumption_unit": null, "consumption_quantity": null}, {"price": 51.95, "price_over_max_quantity": null, "max_quantity": null, "is_advertised": false, "is_campaign": false, "starting_at": "2025-08-21T00:00:00+00:00", "ending_at": "2025-09-13T00:00:00+00:00", "deposit": null, "compare_unit": "kg", "compare_unit_price": 103.9, "consumption_unit": null, "consumption_quantity": null}], "temperature_zone": "refrigerated_5_degrees_celsius", "is_self_scale_item": false, "is_weight_item": false, "is_available_in_all_stores": false, "is_batch_item": false}
{"id": 411073, "name": "FLØDEKARTOFLER", "underline": "700 GR. / PEKA, MED RØD PEBER", "age_limit": null, "hazard_precaution_statements": [], "labels": [], "description": null, "info": "", "images": [{"small": "https://rema-product-images.digital.rema1000.dk/411073/1-small-pYqxAEgp91.webp", "medium": "https://rema-product-images.digital.rema1000.dk/411073/1-medium-pYqxAEgp91.webp", "large": "https://rema-product-images.digital.rema1000.dk/411073/1-large-pYqxAEgp91.webp"}], "prices": [{"price": 24.95, "price_over_max_quantity": null, "max_quantity": null, "is_advertised": false, "is_campaign": false, "starting_at": "2023-12-28T00:00:00+00:00", "ending_at": "2099-12-31T00:00:00+00:00", "deposit": null, "compare_unit": "kg", "compare_unit_price": 35.64, "consumption_unit": null, "consumption_quantity": null}], "temperature_zone": "refrigerated_5_degrees_celsius", "is_self_scale_item": false, "is_weight_item": false, "is_available_in_all_stores": false, "is_batch_item": false}
{"id": 411094, "name": "LASAGNE BOLOGNESE", "underline": "1000 GR. / BELLA RIVIERA", "age_limit": null, "hazard_precaution_statements": [], "labels": [], "description": null, "info": "", "images": [{"small": "https://rema-product-images.digital.rema1000.dk/411094/1-small-vVor0GjQ93.webp", "medium": "https://rema-product-images.digital.rema1000.dk/411094/1-medium-vVor0GjQ93.webp", "large": "https://rema-product-images.digital.rema1000.dk/411094/1-large-vVor0GjQ93.webp"}], "prices": [{"price": 35.95, "price_over_max_quantity": null, "max_quantity": null, "is_advertised": false, "is_campaign": false, "starting_at": "2024-06-27T00:00:00+00:00", "ending_at": "2099-12-31T00:00:00+00:00", "deposit": null, "compare_unit": "kg", "compare_unit_price": 35.95, "consumption_unit": null, "consumption_quantity": null}], "temperature_zone": "refrigerated_5_degrees_celsius", "is_self_scale_item": false, "is_weight_item": false, "is_available_in_all_stores": false, "is_batch_item": false}
{"id": 411186, "name": "CARPACCIO", "underline": "115 GR. / DELIKA", "age_limit": null, "hazard_precaution_statements": [], "labels": [], "description": null, "info": "", "images": [{"small": "https://rema-product-images.digital.rema1000.dk/411186/1-small-A4Py3EQAqL.webp", "medium": "https://rema-product-images.digital.rema1000.dk/411186/1-medium-A4Py3EQAqL.webp", "large": "https://rema-product-images.digital.rema1000.dk/411186/1-large-A4Py3EQAqL.webp"}], "prices": [{"price": 29.95, "price_over_max_quantity": null, "max_quantity": null, "is_advertised": false, "is_campaign": false, "starting_at": "2025-06-19T00:00:00+00:00", "ending_at": "2099-12-31T00:00:00+00:00", "deposit": null, "compare_unit": "kg", "compare_unit_price": 260.43, "consumption_unit": null, "consumption_quantity": null}], "temperature_zone": "refrigerated_5_degrees_celsius", "is_self_scale_item": false, "is_weight_item": false, "is_available_in_all_stores": false, "is_batch_item": false}
{"id": 411229, "name": "KYLLINGEFILET", "underline": "150 GR. / I STYKKER, CLASSIC, STEGT & KRYDRET", "age_limit": null, "hazard_precaution_statements": [], "labels": [{"id": 40, "name": "Nøglehul", "image": "https://static-assets.digital.rema1000.dk/product/labels/40-64.webp"}], "description": null, "info": "", "images": [{"small": "https://rema-product-images.digital.rema1000.dk/411229/1-small-pYqxAEB291.webp", "medium": "https://rema-product-images.digital.rema1000.dk/411229/1-medium-pYqxAEB291.webp", "large": "https://rema-product-images.digital.rema1000.dk/411229/1-large-pYqxAEB291.webp"}], "prices": [{"price": 19.95, "price_over_max_quantity": null, "max_quantity": null, "is_advertised": false, "is_campaign": false, "starting_at": "2023-08-31T00:00:00+00:00", "ending_at": "2099-12-31T00:00:00+00:00", "deposit": null, "compare_unit": "kg", "compare_unit_price": 133, "consumption_unit": null, "consumption_quantity": null}], "temperature_zone": "refrigerated_5_degrees_celsius", "is_self_scale_item": false, "is_weight_item": false, "is_available_in_all_stores": true, "is_batch_item": false}
{"id": 411231, "name": "KYLLINGEFILET I STYKKER", "underline": "150 GR. / BBQ, STEGT & KRYDRET", "age_limit": null, "hazard_precaution_statements": [], "labels": [{"id": 40, "name": "Nøglehul", "image": "https://static-assets.digital.rema1000.dk/product/labels/40-64.webp"}], "description": null, "info": "", "images": [{"small": "https://rema-product-images.digital.rema1000.dk/411231/1-small-01q2DrMbP7.webp", "medium": "https://rema-product-images.digital.rema1000.dk/411231/1-medium-01q2DrMbP7.webp", "large": "https://rema-product-images.digital.rema1000.dk/411231/1-large-01q2DrMbP7.webp"}], "prices": [{"price": 19.95, "price_over_max_quantity": null, "max_quantity": null, "is_advertised": false, "is_campaign": false, "starting_at": "2023-08-31T00:00:00+00:00", "ending_at": "2099-12-31T00:00:00+00:00", "deposit": null, "compare_unit": "kg", "compare_unit_price": 133, "consumption_unit": null, "consumption_quantity": null}], "temperature_zone": "refrigerated_5_degrees_celsius", "is_self_scale_item": false, "is_weight_item": false, "is_available_in_all_stores": true, "is_batch_item": false}
{"id": 411249, "name": "ØKO. PROTEINSALAT", "underline": "230 GR. / M/HØNSEKØD, READY TO GO", "age_limit": null, "hazard_precaution_statements": [], "labels": [{"id": 2, "name": "REMA1000", "image": "https://static-assets.digital.rema1000.dk/product/labels/2-64.webp"}, {"id": 5, "name": "Økologi", "image": "https://static-assets.digital.rema1000.dk/product/labels/5-64.webp"}, {"id": 40, "name": "Nøglehul", "image": "https://static-assets.digital.rema1000.dk/product/labels/40-64.webp"}], "description": null, "info": "", "images": [{"small": "https://rema-product-images.digital.rema1000.dk/411249/1-small-xQq8WXKMoZ.webp", "medium": "https://rema-product-images.digital.rema1000.dk/411249/1-medium-xQq8WXKMoZ.webp", "large": "https://rema-product-images.digital.rema1000.dk/411249/1-large-xQq8WXKMoZ.webp"}], "prices": [{"price": 20, "price_over_max_quantity": null, "max_quantity": null, "is_advertised": false, "is_campaign": false, "starting_at": "2020-11-25T00:00:00+00:00", "ending_at": "2025-09-06T00:00:00+00:00", "deposit": null, "compare_unit": "kg", "compare_unit_price": 86.96, "consumption_unit": null, "consumption_quantity": null}], "temperature_zone": "refrigerated_5_degrees_celsius", "is_self_scale_item": false, "is_weight_item": false, "is_available_in_all_stores": true, "is_batch_item": false}
{"id": 411250, "name": "PROTEINSALAT", "underline": "233 GR. / M/KYLLING, READY TO GO", "age_limit": null, "hazard_precaution_statements": [], "labels": [{"id": 2, "name": "REMA1000", "image": "https://static-assets.digital.rema1000.dk/product/labels/2-64.webp"}], "description": null, "info": "", "images": [{"small": "https://rema-product-images.digital.rema1000.dk/411250/1-small-vVor0GJv93.webp", "medium": "https://rema-product-images.digital.rema1000.dk/411250/1-medium-vVor0GJv93.webp", "large": "https://rema-product-images.digital.rema1000.dk/411250/1-large-vVor0GJv93.webp"}], "prices": [{"price": 22, "price_over_max_quantity": null, "max_quantity": null, "is_advertised": false, "is_campaign": false, "starting_at": "2022-01-06T00:00:00+00:00", "ending_at": "2099-12-31T00:00:00+00:00", "deposit": null, "compare_unit": "kg", "compare_unit_price": 94.42, "consumption_unit": null, "consumption_quantity": null}], "temperature_zone": "refrigerated_5_degrees_celsius", "is_self_scale_item": false, "is_weight_item": false, "is_available_in_all_stores": true, "is_batch_item": false}
{"id": 411256, "name": "CHORIZO M/RGT. PAPRIKA", "underline": "200 GR. / AALBÆK", "age_limit": null, "hazard_precaution_statements": [], "labels": [], "description": null, "info": "", "images": [{"small": "https://rema-product-images.digital.rema1000.dk/411256/1-small-18oXK7e0Pk.webp", "medium": "https://rema-product-images.digital.rema1000.dk/411256/1-medium-18oXK7e0Pk.webp", "large": "https://rema-product-images.digital.rema1000.dk/411256/1-large-18oXK7e0Pk.webp"}], "prices": [{"price": 37.95, "price_over_max_quantity": null, "max_quantity": null, "is_advertised": false, "is_campaign": false, "starting_at": "2023-04-27T00:00:00+00:00", "ending_at": "2099-12-31T00:00:00+00:00", "deposit": null, "compare_unit": "kg", "compare_unit_price": 189.75, "consumption_unit": null, "consumption_quantity": null}], "temperature_zone": "refrigerated_5_degrees_celsius", "is_self_scale_item": false, "is_weight_item": false, "is_available_in_all_stores": false, "is_batch_item": false}
{"id": 411263, "name": "JÆGERPØLSE", "underline": "100 GR. / DEN GRØNNE SLAGTER", "age_limit": null, "hazard_precaution_statements": [], "labels": [{"id": 40, "name": "Nøglehul", "image": "https://static-assets.digital.rema1000.dk/product/labels/40-64.webp"}], "description": null, "info": "", "images": [{"small": "https://rema-product-images.digital.rema1000.dk/411263/1-small-rDq6p0gdPb.webp", "medium": "https://rema-product-images.digital.rema1000.dk/411263/1-medium-rDq6p0gdPb.webp", "large": "https://rema-product-images.digital.rema1000.dk/411263/1-large-rDq6p0gdPb.webp"}], "prices": [{"price": 16.95, "price_over_max_quantity": null, "max_quantity": null, "is_advertised": false, "is_campaign": false, "starting_at": "2023-11-02T00:00:00+00:00", "ending_at": "2025-09-06T00:00:00+00:00", "deposit": null, "compare_unit": "kg", "compare_unit_price": 169.5, "consumption_unit": null, "consumption_quantity": null}], "temperature_zone": "refrigerated_5_degrees_celsius", "is_self_scale_item": false, "is_weight_item": false, "is_available_in_all_stores": true, "is_batch_item": false}
{"id": 411266, "name": "KYLLING SANDWICHSK.", "underline": "90 GR. / M/BACON, PÅLÆKKER", "age_limit": null, "hazard_precaution_statements": [], "labels": [{"id": 40, "name": "Nøglehul", "image": "https://static-assets.digital.rema1000.dk/product/labels/40-64.webp"}], "description": null, "info": "", "images": [{"small": "https://rema-product-images.digital.rema1000.dk/411266/1-small-pyozbEM1oX.webp", "medium": "https://rema-product-images.digital.rema1000.dk/411266/1-medium-pyozbEM1oX.webp", "large": "https://rema-product-images.digital.rema1000.dk/411266/1-large-pyozbEM1oX.webp"}], "prices": [{"price": 16.95, "price_over_max_quantity": null, "max_quantity": null, "is_advertised": false, "is_campaign": false, "starting_at": "2025-05-22T00:00:00+00:00", "ending_at": "2025-08-23T00:00:00+00:00", "deposit": null, "compare_unit": "kg", "compare_unit_price": 188.33, "consumption_unit": null, "consumption_quantity": null}], "temperature_zone": "refrigerated_5_degrees_celsius", "is_self_scale_item": false, "is_weight_item": false, "is_available_in_all_stores": true, "is_batch_item": false}
{"id": 411289, "name": "PARMASKINKE", "underline": "70 GR. / CASA MODENA", "age_limit": null, "hazard_precaution_statements": [], "labels": [], "description": null, "info": "", "images": [{"small": "https://rema-product-images.digital.rema1000.dk/411289/1-small-ElPBrzZQPk.webp", "medium": "https://rema-product-images.digital.rema1000.dk/411289/1-medium-ElPBrzZQPk.webp", "large": "https://rema-product-images.digital.rema1000.dk/411289/1-large-ElPBrzZQPk.webp"}], "prices": [{"price": 26.95, "price_over_max_quantity": null, "max_quantity": null, "is_advertised": false, "is_campaign": false, "starting_at": "2024-12-19T00:00:00+00:00", "ending_at": "2099-12-31T00:00:00+00:00", "deposit": null, "compare_unit": "kg", "compare_unit_price": 385, "consumption_unit": null, "consumption_quantity": null}], "temperature_zone": "refrigerated_5_degrees_celsius", "is_self_scale_item": false, "is_weight_item": false, "is_available_in_all_stores": false, "is_batch_item": false}
{"id": 411305, "name": "SPANSK CHORIZO", "underline": "80 GR. / TAGA, SLICE", "age_limit": null, "hazard_precaution_statements": [], "labels": [], "description": null, "info": "", "images": [{"small": "https://rema-product-images.digital.rema1000.dk/411305/1-small-xQq8WXDnoZ.webp", "medium": "https://rema-product-images.digital.rema1000.dk/411305/1-medium-xQq8WXDnoZ.webp", "large": "https://rema-product-images.digital.rema1000.dk/411305/1-large-xQq8WXDnoZ.webp"}], "prices": [{"price": 12.95, "price_over_max_quantity": null, "max_quantity": null, "is_advertised": false, "is_campaign": false, "starting_at": "2023-06-15T00:00:00+00:00", "ending_at": "2099-12-31T00:00:00+00:00", "deposit": null, "compare_unit": "kg", "compare_unit_price": 161.88, "consumption_unit": null, "consumption_quantity": null}], "temperature_zone": "refrigerated_5_degrees_celsius", "is_self_scale_item": false, "is_weight_item": false, "is_available_in_all_stores": true, "is_batch_item": false}
{"id": 411306, "name": "SPANSK SALAMI", "underline": "80 GR. / TAGA, SLICE", "age_limit": null, "hazard_precaution_statements": [], "labels": [], "description": null, "info": "", "images": [{"small": "https://rema-product-images.digital.rema1000.dk/411306/1-small-vVor0GnD93.webp", "medium": "https://rema-product-images.digital.rema1000.dk/411306/1-medium-vVor0GnD93.webp", "large": "https://rema-product-images.digital.rema1000.dk/411306/1-large-vVor0GnD93.webp"}], "prices": [{"price": 12.95, "price_over_max_quantity": null, "max_quantity": null, "is_advertised": false, "is_campaign": false, "starting_at": "2023-06-15T00:00:00+00:00", "ending_at": "2099-12-31T00:00:00+00:00", "deposit": null, "compare_unit": "kg", "compare_unit_price": 161.88, "consumption_unit": null, "consumption_quantity": null}], "temperature_zone": "refrigerated_5_degrees_celsius", "is_self_scale_item": false, "is_weight_item": false, "is_available_in_all_stores": false, "is_batch_item": false}
{"id": 411307, "name": "SPANSK SERRANO", "underline": "60 GR. / TAGA, SLICE", "age_limit": null, "hazard_precaution_statements": [], "labels": [], "description": null, "info": "", "images": [{"small": "https://rema-product-images.digital.rema1000.dk/411307/1-small-v09glZDmPA.webp", "medium": "https://rema-product-images.digital.rema1000.dk/411307/1-medium-v09glZDmPA.webp", "large": "https://rema-product-images.digital.rema1000.dk/411307/1-large-v09glZDmPA.webp"}], "prices": [{"price": 12.95, "price_over_max_quantity": null, "max_quantity": null, "is_advertised": false, "is_campaign": false, "starting_at": "2023-06-15T00:00:00+00:00", "ending_at": "2099-12-31T00:00:00+00:00", "deposit": null, "compare_unit": "kg", "compare_unit_price": 215.83, "consumption_unit": null, "consumption_quantity": null}], "temperature_zone": "refrigerated_5_degrees_celsius", "is_self_scale_item": false, "is_weight_item": false, "is_available_in_all_stores": true, "is_batch_item": false}
{"id": 411347, "name": "ÆGGESALAT", "underline": "150 GR. / K-SALAT", "age_limit": null, "hazard_precaution_statements": [], "labels": [{"id": 9001, "name": "Avisvare", "image": "https://static-assets.digital.rema1000.dk/product/labels/9001-64.webp"}], "description": null, "info": "", "images": [{"small": "https://rema-product-images.digital.rema1000.dk/411347/1-small-3MoMLjD6P5.webp", "medium": "https://rema-product-images.digital.rema1000.dk/411347/1-medium-3MoMLjD6P5.webp", "large": "https://rema-product-images.digital.rema1000.dk/411347/1-large-3MoMLjD6P5.webp"}], "prices": [{"price": 10, "price_over_max_quantity": 19.95, "max_quantity": 6, "is_advertised": true, "is_campaign": true, "starting_at": "2025-08-17T00:00:00+00:00", "ending_at": "2025-08-23T00:00:00+00:00", "deposit": null, "compare_unit": "kg", "compare_unit_price": 66.67, "consumption_unit": null, "consumption_quantity": null}, {"price": 19.95, "price_over_max_quantity": null, "max_quantity": null, "is_advertised": false, "is_campaign": false, "starting_at": "2025-08-24T00:00:00+00:00", "ending_at": "2025-09-10T00:00:00+00:00", "deposit": null, "compare_unit": "kg", "compare_unit_price": 133, "consumption_unit": null, "consumption_quantity": null}], "temperature_zone": "refrigerated_5_degrees_celsius", "is_self_scale_item": false, "is_weight_item": false, "is_available_in_all_stores": false, "is_batch_item": false}
{"id": 411386, "name": "MÅLTIDSSALAT", "underline": "450 GR. / M/GRILLET KYLLING, GRØNTSAGER, PASTA, READY TO GO", "age_limit": null, "hazard_precaution_statements": [], "labels": [{"id": 2, "name": "REMA1000", "image": "https://static-assets.digital.rema1000.dk/product/labels/2-64.webp"}], "description": null, "info": "", "images": [{"small": "https://rema-product-images.digital.rema1000.dk/411386/1-small-A4Py3ErkqL.webp", "medium": "https://rema-product-images.digital.rema1000.dk/411386/1-medium-A4Py3ErkqL.webp", "large": "https://rema-product-images.digital.rema1000.dk/411386/1-large-A4Py3ErkqL.webp"}], "prices": [{"price": 45, "price_over_max_quantity": null, "max_quantity": null, "is_advertised": false, "is_campaign": false, "starting_at": "2023-01-05T00:00:00+00:00", "ending_at": "2099-12-31T00:00:00+00:00", "deposit": null, "compare_unit": "kg", "compare_unit_price": 100, "consumption_unit": null, "consumption_quantity": null}], "temperature_zone": "refrigerated_5_degrees_celsius", "is_self_scale_item": false, "is_weight_item": false, "is_available_in_all_stores": true, "is_batch_item": false}
{"id": 411395, "name": "NUDELSALAT", "underline": "430 GR. / MED KYLLING, JAPANSK INSPIRERET, READY TO SERVE", "age_limit": null, "hazard_precaution_statements": [], "labels": [{"id": 2, "name": "REMA1000", "image": "https://static-assets.digital.rema1000.dk/product/labels/2-64.webp"}], "description": "<b>Discount med holdning</b><br />I REMA 1000 har vi fokus på kvalitet til lave priser og overskriften på vores arbejde er Discount med holdning.<br /> <br />Vi har en klar holdning til alle de varer, vi sælger. Vi stiller ikke kun krav til kvaliteten af vores egne mærkevarer – det er også vigtigt for os, at emballagerne er designet til genanvendelse, at indholdet er uden problematiske stoffer, og at varerne er produceret ansvarligt samt mærket med tydelige og valide certificeringer.<br /><br /><b>Om denne vare - READY TO GO</b><br />REMA 1000 japansk inspireret salat er fyldt med nudler, spidskål, kylling og smagfuld gomadressing. Smager skønt og er lige til at spise - både på farten og i madpakken.<br /><br />Husk gaffel - dette medfølger ikke i denne salat.", "info": "", "images": [{"small": "https://rema-product-images.digital.rema1000.dk/411395/1-small-v09glZKmPA.webp", "medium": "https://rema-product-images.digital.rema1000.dk/411395/1-medium-v09glZKmPA.webp", "large": "https://rema-product-images.digital.rema1000.dk/411395/1-large-v09glZKmPA.webp"}], "prices": [{"price": 35, "price_over_max_quantity": null, "max_quantity": null, "is_advertised": false, "is_campaign": false, "starting_at": "2018-09-21T00:00:00+00:00", "ending_at": "2099-12-31T00:00:00+00:00", "deposit": null, "compare_unit": "kg", "compare_unit_price": 81.4, "consumption_unit": null, "consumption_quantity": null}], "temperature_zone": "refrigerated_5_degrees_celsius", "is_self_scale_item": false, "is_weight_item": false, "is_available_in_all_stores": true, "is_batch_item": false}
{"id": 411409, "name": "SPÆD KÅLSALAT", "underline": "320 GR. / M/SENNEPS/HONNINGDRES,", "age_limit": null, "hazard_precaution_statements": [], "labels": [{"id": 2, "name": "REMA1000", "image": "https://static-assets.digital.rema1000.dk/product/labels/2-64.webp"}, {"id": 40, "name": "Nøglehul", "image": "https://static-assets.digital.rema1000.dk/product/labels/40-64.webp"}], "description": "<b>Discount med holdning</b><br />I REMA 1000 har vi fokus på kvalitet til lave priser og overskriften på vores arbejde er Discount med holdning.<br /> <br />Vi har en klar holdning til alle de varer, vi sælger. Vi stiller ikke kun krav til kvaliteten af vores egne mærkevarer – det er også vigtigt for os, at emballagerne er designet til genanvendelse, at indholdet er uden problematiske stoffer, og at varerne er produceret ansvarligt samt mærket med tydelige og valide certificeringer.<br /><br /><b>Om denne vare - READY TO SERVE</b><br />REMA 1000 spæd kålsalat, er en blanding af snittet rød &amp; grøn spidskål, radiser, forårsløg, persille og smagfuld sennepshonningdressing - skyllet, snittet &amp; klar til brug. <br /><br />Smager skønt som tilbehør til kylling, kotelet eller til grillretter. Perfekt, når aftensmaden gerne må være nem og hurtig.", "info": "", "images": [{"small": "https://rema-product-images.digital.rema1000.dk/411409/1-small-aboK12bG9p.webp", "medium": "https://rema-product-images.digital.rema1000.dk/411409/1-medium-aboK12bG9p.webp", "large": "https://rema-product-images.digital.rema1000.dk/411409/1-large-aboK12bG9p.webp"}], "prices": [{"price": 27, "price_over_max_quantity": null, "max_quantity": null, "is_advertised": false, "is_campaign": false, "starting_at": "2025-04-10T00:00:00+00:00", "ending_at": "2099-12-31T00:00:00+00:00", "deposit": null, "compare_unit": "kg", "compare_unit_price": 84.38, "consumption_unit": null, "consumption_quantity": null}], "temperature_zone": "refrigerated_5_degrees_celsius", "is_self_scale_item": false, "is_weight_item": false, "is_available_in_all_stores": true, "is_batch_item": false}
{"id": 411413, "name": "BØNNESPIRER", "underline": "150 GR. / ØKOLOGISK", "age_limit": null, "hazard_precaution_statements": [], "labels": [{"id": 6, "name": "Økologi", "image": "https://static-assets.digital.rema1000.dk/product/labels/6-64.webp"}, {"id": 40, "name": "Nøglehul", "image": "https://static-assets.digital.rema1000.dk/product/labels/40-64.webp"}], "description": null, "info": "", "images": [{"small": "https://rema-product-images.digital.rema1000.dk/411413/1-small-wyPba4N79E.webp", "medium": "https://rema-product-images.digital.rema1000.dk/411413/1-medium-wyPba4N79E.webp", "large": "https://rema-product-images.digital.rema1000.dk/411413/1-large-wyPba4N79E.webp"}], "prices": [{"price": 12, "price_over_max_quantity": null, "max_quantity": null, "is_advertised": false, "is_campaign": false, "starting_at": "2022-01-20T00:00:00+00:00", "ending_at": "2099-12-31T00:00:00+00:00", "deposit": null, "compare_unit": "kg", "compare_unit_price": 80, "consumption_unit": null, "consumption_quantity": null}], "temperature_zone": "refrigerated_5_degrees_celsius", "is_self_scale_item": false, "is_weight_item": false, "is_available_in_all_stores": true, "is_batch_item": false}
{"id": 411423, "name": "NORDISK COLESLAW", "underline": "350 GR. / ØKOLOGISK, READY TO SERVE", "age_limit": null, "hazard_precaution_statements": [], "labels": [{"id": 2, "name": "REMA1000", "image": "https://static-assets.digital.rema1000.dk/product/labels/2-64.webp"}, {"id": 6, "name": "Økologi", "image": "https://static-assets.digital.rema1000.dk/product/labels/6-64.webp"}], "description": "<b>Discount med holdning</b><br />I REMA 1000 har vi fokus på kvalitet til lave priser og overskriften på vores arbejde er Discount med holdning.<br /> <br />Vi har en klar holdning til alle de varer, vi sælger. Vi stiller ikke kun krav til kvaliteten af vores egne mærkevarer – det er også vigtigt for os, at emballagerne er designet til genanvendelse, at indholdet er uden problematiske stoffer, og at varerne er produceret ansvarligt samt mærket med tydelige og valide certificeringer.<br /><br /><b>Om denne vare - READY TO SERVE</b><br />REMA 1000 økologisk nordisk coleslaw er en sprød blanding af hvidkål, gulerod og porre - skyllet , snittet &amp; klar til brug. <br /><br />Smager skønt med en god mormor- eller coleslaw dressing til fx spareribs, grillet kylling eller fisk. Eller brug blandingen i en wokret med kylling, nudler og smagfuld asiatisk sauce. Perfekt, når aftensmaden gerne må være nem og hurtig.<br />", "info": "", "images": [{"small": "https://rema-product-images.digital.rema1000.dk/411423/1-small-MNqZK0Q19A.webp", "medium": "https://rema-product-images.digital.rema1000.dk/411423/1-medium-MNqZK0Q19A.webp", "large": "https://rema-product-images.digital.rema1000.dk/411423/1-large-MNqZK0Q19A.webp"}], "prices": [{"price": 27, "price_over_max_quantity": null, "max_quantity": null, "is_advertised": false, "is_campaign": false, "starting_at": "2025-04-10T00:00:00+00:00", "ending_at": "2025-08-23T00:00:00+00:00", "deposit": null, "compare_unit": "kg", "compare_unit_price": 77.14, "consumption_unit": null, "consumption_quantity": null}], "temperature_zone": "refrigerated_5_degrees_celsius", "is_self_scale_item": false, "is_weight_item": false, "is_available_in_all_stores": true, "is_batch_item": false}
{"id": 411433, "name": "WRAPS MED KYLLING", "underline": "170 GR. / & TANDOORI KRYDDERI, TASTEFUL", "age_limit": null, "hazard_precaution_statements": [], "labels": [], "description": null, "info": "", "images": [{"small": "https://rema-product-images.digital.rema1000.dk/411433/1-small-YLPjy3w69k.webp", "medium": "https://rema-product-images.digital.rema1000.dk/411433/1-medium-YLPjy3w69k.webp", "large": "https://rema-product-images.digital.rema1000.dk/411433/1-large-YLPjy3w69k.webp"}], "prices": [{"price": 21.95, "price_over_max_quantity": null, "max_quantity": null, "is_advertised": false, "is_campaign": false, "starting_at": "2023-03-16T00:00:00+00:00", "ending_at": "2025-09-06T00:00:00+00:00", "deposit": null, "compare_unit": "kg", "compare_unit_price": 129.12, "consumption_unit": null, "consumption_quantity": null}], "temperature_zone": "refrigerated_5_degrees_celsius", "is_self_scale_item": false, "is_weight_item": false, "is_available_in_all_stores": true, "is_batch_item": false}
{"id": 411457, "name": "TOMATSALAT", "underline": "300 GR. / M/AVOCADODRESSING, READY TO SERVE", "age_limit": null, "hazard_precaution_statements": [], "labels": [{"id": 2, "name": "REMA1000", "image": "https://static-assets.digital.rema1000.dk/product/labels/2-64.webp"}, {"id": 40, "name": "Nøglehul", "image": "https://static-assets.digital.rema1000.dk/product/labels/40-64.webp"}], "description": null, "info": "", "images": [{"small": "https://rema-product-images.digital.rema1000.dk/411457/1-small-wyPba4l79E.webp", "medium": "https://rema-product-images.digital.rema1000.dk/411457/1-medium-wyPba4l79E.webp", "large": "https://rema-product-images.digital.rema1000.dk/411457/1-large-wyPba4l79E.webp"}], "prices": [{"price": 22, "price_over_max_quantity": null, "max_quantity": null, "is_advertised": false, "is_campaign": false, "starting_at": "2021-02-15T00:00:00+00:00", "ending_at": "2099-12-31T00:00:00+00:00", "deposit": null, "compare_unit": "kg", "compare_unit_price": 73.33, "consumption_unit": null, "consumption_quantity": null}], "temperature_zone": "refrigerated_5_degrees_celsius", "is_self_scale_item": false, "is_weight_item": false, "is_available_in_all_stores": false, "is_batch_item": false}
{"id": 411461, "name": "COLESLAW M/DRESSING", "underline": "400 GR. / READY TO SERVE", "age_limit": null, "hazard_precaution_statements": [], "labels": [{"id": 9001, "name": "Avisvare", "image": "https://static-assets.digital.rema1000.dk/product/labels/9001-64.webp"}, {"id": 2, "name": "REMA1000", "image": "https://static-assets.digital.rema1000.dk/product/labels/2-64.webp"}], "description": "<b>Discount med holdning</b><br />I REMA 1000 har vi fokus på kvalitet til lave priser og overskriften på vores arbejde er Discount med holdning.<br /> <br />Vi har en klar holdning til alle de varer, vi sælger. Vi stiller ikke kun krav til kvaliteten af vores egne mærkevarer – det er også vigtigt for os, at emballagerne er designet til genanvendelse, at indholdet er uden problematiske stoffer, og at varerne er produceret ansvarligt samt mærket med tydelige og valide certificeringer.<br /><br /><b>Om denne vare - READY TO SERVE</b><br />REMA 1000 coleslaw med dressing er en sprød blanding af fintsnittet hvidkål og gulerødder - skyllet , snittet &amp; klar til brug. <br /><br />Smager skønt som tilbehør til stegt eller grillet kød, fx kyllingefileter, spareribs, koteletter eller i en burger med pulled pork. Perfekt, når aftensmaden gerne må være nem og hurtig.", "info": "", "images": [{"small": "https://rema-product-images.digital.rema1000.dk/411461/1-small-Z8qp7WVGo3.webp", "medium": "https://rema-product-images.digital.rema1000.dk/411461/1-medium-Z8qp7WVGo3.webp", "large": "https://rema-product-images.digital.rema1000.dk/411461/1-large-Z8qp7WVGo3.webp"}], "prices": [{"price": 15, "price_over_max_quantity": null, "max_quantity": null, "is_advertised": true, "is_campaign": true, "starting_at": "2025-08-17T00:00:00+00:00", "ending_at": "2025-08-23T00:00:00+00:00", "deposit": null, "compare_unit": "kg", "compare_unit_price": 37.5, "consumption_unit": null, "consumption_quantity": null}, {"price": 20, "price_over_max_quantity": null, "max_quantity": null, "is_advertised": false, "is_campaign": false, "starting_at": "2025-08-24T00:00:00+00:00", "ending_at": "2025-09-13T00:00:00+00:00", "deposit": null, "compare_unit": "kg", "compare_unit_price": 50, "consumption_unit": null, "consumption_quantity": null}], "temperature_zone": "refrigerated_5_degrees_celsius", "is_self_scale_item": false, "is_weight_item": false, "is_available_in_all_stores": true, "is_batch_item": false}
{"id": 411462, "name": "READY TO GO PASTASALAT", "underline": "200 GR. / KARRYDRES., KYLLING & BACON", "age_limit": null, "hazard_precaution_statements": [], "labels": [{"id": 2, "name": "REMA1000", "image": "https://static-assets.digital.rema1000.dk/product/labels/2-64.webp"}], "description": "<b>Discount med holdning</b><br />I REMA 1000 har vi fokus på kvalitet til lave priser og overskriften på vores arbejde er Discount med holdning.<br /> <br />Vi har en klar holdning til alle de varer, vi sælger. Vi stiller ikke kun krav til kvaliteten af vores egne mærkevarer – det er også vigtigt for os, at emballagerne er designet til genanvendelse, at indholdet er uden problematiske stoffer, og at varerne er produceret ansvarligt samt mærket med tydelige og valide certificeringer.<br /><br /><b>Om denne vare - READY TO GO</b><br />REMA 1000 pastasalat med kylling og kalkunbacon er blandet med gulerod, majs, ærter og smagfuld karrydressing. Smager dejligt og er lige til at spise - både på farten og i madpakken.<br /><br />Husk gaffel - dette medfølger ikke i denne salat.", "info": "", "images": [{"small": "https://rema-product-images.digital.rema1000.dk/411462/1-small-2B94W7e8qk.webp", "medium": "https://rema-product-images.digital.rema1000.dk/411462/1-medium-2B94W7e8qk.webp", "large": "https://rema-product-images.digital.rema1000.dk/411462/1-large-2B94W7e8qk.webp"}], "prices": [{"price": 17, "price_over_max_quantity": null, "max_quantity": null, "is_advertised": false, "is_campaign": false, "starting_at": "2022-03-31T00:00:00+00:00", "ending_at": "2099-12-31T00:00:00+00:00", "deposit": null, "compare_unit": "kg", "compare_unit_price": 85, "consumption_unit": null, "consumption_quantity": null}], "temperature_zone": "refrigerated_5_degrees_celsius", "is_self_scale_item": false, "is_weight_item": false, "is_available_in_all_stores": true, "is_batch_item": false}
{"id": 411464, "name": "SALAT M/TUN & ÆG", "underline": "350 GR. / READY TO GO", "age_limit": null, "hazard_precaution_statements": [], "labels": [{"id": 2, "name": "REMA1000", "image": "https://static-assets.digital.rema1000.dk/product/labels/2-64.webp"}], "description": "<b>Discount med holdning</b><br />I REMA 1000 har vi fokus på kvalitet til lave priser og overskriften på vores arbejde er Discount med holdning.<br /> <br />Vi har en klar holdning til alle de varer, vi sælger. Vi stiller ikke kun krav til kvaliteten af vores egne mærkevarer – det er også vigtigt for os, at emballagerne er designet til genanvendelse, at indholdet er uden problematiske stoffer, og at varerne er produceret ansvarligt samt mærket med tydelige og valide certificeringer.<br /><br /><b>Om denne vare - READY TO GO</b><br />REMA 1000 salat med tun, æg, pasta og smagfuld hvidløgsdressing. Smager skønt og er lige til at spise - både på farten, i madpakken og som tilbehør til aftensmaden.<br /><br />Husk gaffel - dette medfølger ikke i denne salat.", "info": "", "images": [{"small": "https://rema-product-images.digital.rema1000.dk/411464/1-small-AKqeQYwOqp.webp", "medium": "https://rema-product-images.digital.rema1000.dk/411464/1-medium-AKqeQYwOqp.webp", "large": "https://rema-product-images.digital.rema1000.dk/411464/1-large-AKqeQYwOqp.webp"}], "prices": [{"price": 32, "price_over_max_quantity": null, "max_quantity": null, "is_advertised": false, "is_campaign": false, "starting_at": "2025-02-27T00:00:00+00:00", "ending_at": "2025-09-06T00:00:00+00:00", "deposit": null, "compare_unit": "kg", "compare_unit_price": 91.43, "consumption_unit": null, "consumption_quantity": null}], "temperature_zone": "refrigerated_5_degrees_celsius", "is_self_scale_item": false, "is_weight_item": false, "is_available_in_all_stores": true, "is_batch_item": false}
{"id": 411465, "name": "SALAT M/ KYL. & BACON", "underline": "350 GR. / READY TO GO", "age_limit": null, "hazard_precaution_statements": [], "labels": [{"id": 2, "name": "REMA1000", "image": "https://static-assets.digital.rema1000.dk/product/labels/2-64.webp"}], "description": null, "info": "", "images": [{"small": "https://rema-product-images.digital.rema1000.dk/411465/1-small-bJ9Y7K1xoL.webp", "medium": "https://rema-product-images.digital.rema1000.dk/411465/1-medium-bJ9Y7K1xoL.webp", "large": "https://rema-product-images.digital.rema1000.dk/411465/1-large-bJ9Y7K1xoL.webp"}], "prices": [{"price": 32, "price_over_max_quantity": null, "max_quantity": null, "is_advertised": false, "is_campaign": false, "starting_at": "2025-02-27T00:00:00+00:00", "ending_at": "2025-09-06T00:00:00+00:00", "deposit": null, "compare_unit": "kg", "compare_unit_price": 91.43, "consumption_unit": null, "consumption_quantity": null}], "temperature_zone": "refrigerated_5_degrees_celsius", "is_self_scale_item": false, "is_weight_item": false, "is_available_in_all_stores": true, "is_batch_item": false}
{"id": 411467, "name": "SOMMERSLAW", "underline": "350 GR. / READY TO SERVE", "age_limit": null, "hazard_precaution_statements": [], "labels": [{"id": 2, "name": "REMA1000", "image": "https://static-assets.digital.rema1000.dk/product/labels/2-64.webp"}], "description": null, "info": "", "images": [{"small": "https://rema-product-images.digital.rema1000.dk/411467/1-small-MNqZK0119A.webp", "medium": "https://rema-product-images.digital.rema1000.dk/411467/1-medium-MNqZK0119A.webp", "large": "https://rema-product-images.digital.rema1000.dk/411467/1-large-MNqZK0119A.webp"}], "prices": [{"price": 25, "price_over_max_quantity": null, "max_quantity": null, "is_advertised": false, "is_campaign": false, "starting_at": "2022-02-10T00:00:00+00:00", "ending_at": "2099-12-31T00:00:00+00:00", "deposit": null, "compare_unit": "kg", "compare_unit_price": 71.43, "consumption_unit": null, "consumption_quantity": null}], "temperature_zone": "refrigerated_5_degrees_celsius", "is_self_scale_item": false, "is_weight_item": false, "is_available_in_all_stores": true, "is_batch_item": false}
{"id": 411473, "name": "SANTA FE CAESAR SALAD", "underline": "300 GR. / READY TO SERVE", "age_limit": null, "hazard_precaution_statements": [], "labels": [{"id": 2, "name": "REMA1000", "image": "https://static-assets.digital.rema1000.dk/product/labels/2-64.webp"}], "description": "<b>Discount med holdning</b><br />I REMA 1000 har vi fokus på kvalitet til lave priser og overskriften på vores arbejde er Discount med holdning.<br /> <br />Vi har en klar holdning til alle de varer, vi sælger. Vi stiller ikke kun krav til kvaliteten af vores egne mærkevarer – det er også vigtigt for os, at emballagerne er designet til genanvendelse, at indholdet er uden problematiske stoffer, og at varerne er produceret ansvarligt samt mærket med tydelige og valide certificeringer.<br /><br /><b>Om denne vare - READY TO GO</b><br />REMA 1000 Santa Fe cesarsalat er fyldt med lækkerier som stegt kylling, ostenachos &amp; smagfuld ranchdressing. Smager skønt og er lige til at spise - både på farten, i madpakken og som tilbehør til aftensmaden.<br /><br />Husk gaffel - dette medfølger ikke i denne salat.", "info": "", "images": [{"small": "https://rema-product-images.digital.rema1000.dk/411473/1-small-pYqxAE6491.webp", "medium": "https://rema-product-images.digital.rema1000.dk/411473/1-medium-pYqxAE6491.webp", "large": "https://rema-product-images.digital.rema1000.dk/411473/1-large-pYqxAE6491.webp"}], "prices": [{"price": 32, "price_over_max_quantity": null, "max_quantity": null, "is_advertised": false, "is_campaign": false, "starting_at": "2025-02-27T00:00:00+00:00", "ending_at": "2025-09-06T00:00:00+00:00", "deposit": null, "compare_unit": "kg", "compare_unit_price": 106.67, "consumption_unit": null, "consumption_quantity": null}], "temperature_zone": "refrigerated_5_degrees_celsius", "is_self_scale_item": false, "is_weight_item": false, "is_available_in_all_stores": true, "is_batch_item": false}
{"id": 411474, "name": "SPRØD KÅLSALAT", "underline": "300 GR. / READY TO SERVE", "age_limit": null, "hazard_precaution_statements": [], "labels": [{"id": 2, "name": "REMA1000", "image": "https://static-assets.digital.rema1000.dk/product/labels/2-64.webp"}, {"id": 40, "name": "Nøglehul", "image": "https://static-assets.digital.rema1000.dk/product/labels/40-64.webp"}], "description": "<b>Discount med holdning</b><br />I REMA 1000 har vi fokus på kvalitet til lave priser og overskriften på vores arbejde er Discount med holdning.<br /> <br />Vi har en klar holdning til alle de varer, vi sælger. Vi stiller ikke kun krav til kvaliteten af vores egne mærkevarer – det er også vigtigt for os, at emballagerne er designet til genanvendelse, at indholdet er uden problematiske stoffer, og at varerne er produceret ansvarligt samt mærket med tydelige og valide certificeringer.<br /><br /><b>Om denne vare - READY TO SERVE</b><br />REMA 1000 sprød kålsalat, er en blanding af fintsnittet hvidkål, rødkål, gulerod og grønkål - skyllet, snittet &amp; klar til brug. <br /><br />Smager skønt som tilbehør til kød og fisk. Eller brug blandingen i en wokret med kylling, nudler og smagfuld asiatisk sauce. Perfekt, når aftensmaden gerne må være nem og hurtig.", "info": "", "images": [{"small": "https://rema-product-images.digital.rema1000.dk/411474/1-small-869Djdy8oM.webp", "medium": "https://rema-product-images.digital.rema1000.dk/411474/1-medium-869Djdy8oM.webp", "large": "https://rema-product-images.digital.rema1000.dk/411474/1-large-869Djdy8oM.webp"}], "prices": [{"price": 17, "price_over_max_quantity": null, "max_quantity": null, "is_advertised": false, "is_campaign": false, "starting_at": "2024-11-28T00:00:00+00:00", "ending_at": "2099-12-31T00:00:00+00:00", "deposit": null, "compare_unit": "kg", "compare_unit_price": 56.67, "consumption_unit": null, "consumption_quantity": null}], "temperature_zone": "refrigerated_5_degrees_celsius", "is_self_scale_item": false, "is_weight_item": false, "is_available_in_all_stores": true, "is_batch_item": false}
{"id": 411475, "name": "SALATSKÅLEN", "underline": "235 GR. /", "age_limit": null, "hazard_precaution_statements": [], "labels": [{"id": 9001, "name": "Avisvare", "image": "https://static-assets.digital.rema1000.dk/product/labels/9001-64.webp"}, {"id": 2, "name": "REMA1000", "image": "https://static-assets.digital.rema1000.dk/product/labels/2-64.webp"}, {"id": 40, "name": "Nøglehul", "image": "https://static-assets.digital.rema1000.dk/product/labels/40-64.webp"}], "description": null, "info": "", "images": [{"small": "https://rema-product-images.digital.rema1000.dk/411475/1-small-01q2Dr4ZP7.webp", "medium": "https://rema-product-images.digital.rema1000.dk/411475/1-medium-01q2Dr4ZP7.webp", "large": "https://rema-product-images.digital.rema1000.dk/411475/1-large-01q2Dr4ZP7.webp"}], "prices": [{"price": 15, "price_over_max_quantity": null, "max_quantity": null, "is_advertised": true, "is_campaign": true, "starting_at": "2025-08-17T00:00:00+00:00", "ending_at": "2025-08-23T00:00:00+00:00", "deposit": null, "compare_unit": "kg", "compare_unit_price": 63.83, "consumption_unit": null, "consumption_quantity": null}, {"price": 20, "price_over_max_quantity": null, "max_quantity": null, "is_advertised": false, "is_campaign": false, "starting_at": "2025-08-24T00:00:00+00:00", "ending_at": "2025-09-13T00:00:00+00:00", "deposit": null, "compare_unit": "kg", "compare_unit_price": 85.11, "consumption_unit": null, "consumption_quantity": null}], "temperature_zone": "refrigerated_5_degrees_celsius", "is_self_scale_item": false, "is_weight_item": false, "is_available_in_all_stores": true, "is_batch_item": false}
{"id": 411482, "name": "ÆG & BACON SANDWICH", "underline": "175 GR. / TO GO", "age_limit": null, "hazard_precaution_statements": [], "labels": [{"id": 2, "name": "REMA1000", "image": "https://static-assets.digital.rema1000.dk/product/labels/2-64.webp"}], "description": "<b>Discount med holdning</b><br />I REMA 1000 har vi fokus på kvalitet til lave priser og overskriften på vores arbejde er Discount med holdning.<br /> <br />Vi har en klar holdning til alle de varer, vi sælger. Vi stiller ikke kun krav til kvaliteten af vores egne mærkevarer – det er også vigtigt for os, at emballagerne er designet til genanvendelse, at indholdet er uden problematiske stoffer, og at varerne er produceret ansvarligt samt mærket med tydelige og valide certificeringer.<br /><br /><b>Om denne vare - READY TO GO</b><br />REMA 1000 flerkornssandwich med æg og bacon er fuld af lækkerier &amp; toppet med dressing af mayonnaise og sennep. Smager skønt og er lige til at spise - både på farten og i madpakken.", "info": "", "images": [{"small": "https://rema-product-images.digital.rema1000.dk/411482/1-small-MBoNXG1W9v.webp", "medium": "https://rema-product-images.digital.rema1000.dk/411482/1-medium-MBoNXG1W9v.webp", "large": "https://rema-product-images.digital.rema1000.dk/411482/1-large-MBoNXG1W9v.webp"}], "prices": [{"price": 21.95, "price_over_max_quantity": null, "max_quantity": null, "is_advertised": false, "is_campaign": false, "starting_at": "2023-03-16T00:00:00+00:00", "ending_at": "2099-12-31T00:00:00+00:00", "deposit": null, "compare_unit": "kg", "compare_unit_price": 125.43, "consumption_unit": null, "consumption_quantity": null}], "temperature_zone": "refrigerated_5_degrees_celsius", "is_self_scale_item": false, "is_weight_item": false, "is_available_in_all_stores": true, "is_batch_item": false}
{"id": 411483, "name": "SKINKE & OST SANDWICH", "underline": "190 GR. / TO GO", "age_limit": null, "hazard_precaution_statements": [], "labels": [{"id": 2, "name": "REMA1000", "image": "https://static-assets.digital.rema1000.dk/product/labels/2-64.webp"}], "description": null, "info": "", "images": [{"small": "https://rema-product-images.digital.rema1000.dk/411483/1-small-zOPlyagwoR.webp", "medium": "https://rema-product-images.digital.rema1000.dk/411483/1-medium-zOPlyagwoR.webp", "large": "https://rema-product-images.digital.rema1000.dk/411483/1-large-zOPlyagwoR.webp"}], "prices": [{"price": 21.95, "price_over_max_quantity": null, "max_quantity": null, "is_advertised": false, "is_campaign": false, "starting_at": "2023-03-16T00:00:00+00:00", "ending_at": "2099-12-31T00:00:00+00:00", "deposit": null, "compare_unit": "kg", "compare_unit_price": 115.53, "consumption_unit": null, "consumption_quantity": null}], "temperature_zone": "refrigerated_5_degrees_celsius", "is_self_scale_item": false, "is_weight_item": false, "is_available_in_all_stores": true, "is_batch_item": false}
{"id": 411487, "name": "BROCCOLISALAT", "underline": "265 GR. /", "age_limit": null, "hazard_precaution_statements": [], "labels": [{"id": 2, "name": "REMA1000", "image": "https://static-assets.digital.rema1000.dk/product/labels/2-64.webp"}], "description": null, "info": "", "images": [{"small": "https://rema-product-images.digital.rema1000.dk/411487/1-small-dyomVx7MqV.webp", "medium": "https://rema-product-images.digital.rema1000.dk/411487/1-medium-dyomVx7MqV.webp", "large": "https://rema-product-images.digital.rema1000.dk/411487/1-large-dyomVx7MqV.webp"}], "prices": [{"price": 25, "price_over_max_quantity": null, "max_quantity": null, "is_advertised": false, "is_campaign": false, "starting_at": "2021-05-11T00:00:00+00:00", "ending_at": "2099-12-31T00:00:00+00:00", "deposit": null, "compare_unit": "kg", "compare_unit_price": 94.34, "consumption_unit": null, "consumption_quantity": null}], "temperature_zone": "refrigerated_5_degrees_celsius", "is_self_scale_item": false, "is_weight_item": false, "is_available_in_all_stores": true, "is_batch_item": false}
{"id": 411490, "name": "COLORFUL COLESLAW", "underline": "300 GR. / REMA 1000", "age_limit": null, "hazard_precaution_statements": [], "labels": [{"id": 2, "name": "REMA1000", "image": "https://static-assets.digital.rema1000.dk/product/labels/2-64.webp"}, {"id": 40, "name": "Nøglehul", "image": "https://static-assets.digital.rema1000.dk/product/labels/40-64.webp"}], "description": "<b>Discount med holdning</b><br />I REMA 1000 har vi fokus på kvalitet til lave priser og overskriften på vores arbejde er Discount med holdning.<br /> <br />Vi har en klar holdning til alle de varer, vi sælger. Vi stiller ikke kun krav til kvaliteten af vores egne mærkevarer – det er også vigtigt for os, at emballagerne er designet til genanvendelse, at indholdet er uden problematiske stoffer, og at varerne er produceret ansvarligt samt mærket med tydelige og valide certificeringer.<br /><br /><b>Om denne vare - READY TO SERVE</b><br />REMA 1000 colorful coleslaw grøntsagsblanding er en sprød blanding af gulerødder, hvidkål og rød spidskål - skyllet &amp; klar til brug. <br /><br />Smager skønt med en god mormor- eller coleslaw dressing til fx spareribs eller grillet kylling. Eller brug blandingen i en wokret med kylling, nudler og smagfuld asiatisk sauce. Perfekt, når aftensmaden gerne må være nem og hurtig.", "info": "", "images": [{"small": "https://rema-product-images.digital.rema1000.dk/411490/1-small-kAonrDVMox.webp", "medium": "https://rema-product-images.digital.rema1000.dk/411490/1-medium-kAonrDVMox.webp", "large": "https://rema-product-images.digital.rema1000.dk/411490/1-large-kAonrDVMox.webp"}], "prices": [{"price": 15, "price_over_max_quantity": null, "max_quantity": null, "is_advertised": false, "is_campaign": false, "starting_at": "2021-02-21T00:00:00+00:00", "ending_at": "2099-12-31T00:00:00+00:00", "deposit": null, "compare_unit": "kg", "compare_unit_price": 50, "consumption_unit": null, "consumption_quantity": null}], "temperature_zone": "refrigerated_5_degrees_celsius", "is_self_scale_item": false, "is_weight_item": false, "is_available_in_all_stores": true, "is_batch_item": false}
{"id": 411491, "name": "BAMI GORENG", "underline": "800 GR. / FAMILY SIZE NOODLES", "age_limit": null, "hazard_precaution_statements": [], "labels": [], "description": null, "info": "", "images": [{"small": "https://rema-product-images.digital.rema1000.dk/411491/1-small-3MoMLjEeP5.webp", "medium": "https://rema-product-images.digital.rema1000.dk/411491/1-medium-3MoMLjEeP5.webp", "large": "https://rema-product-images.digital.rema1000.dk/411491/1-large-3MoMLjEeP5.webp"}], "prices": [{"price": 35, "price_over_max_quantity": null, "max_quantity": null, "is_advertised": false, "is_campaign": false, "starting_at": "2023-01-05T00:00:00+00:00", "ending_at": "2099-12-31T00:00:00+00:00", "deposit": null, "compare_unit": "kg", "compare_unit_price": 43.75, "consumption_unit": null, "consumption_quantity": null}], "temperature_zone": "refrigerated_5_degrees_celsius", "is_self_scale_item": false, "is_weight_item": false, "is_available_in_all_stores": true, "is_batch_item": false}
{"id": 411495, "name": "SKÅRET FRUGTMIX", "underline": "160 GR.", "age_limit": null, "hazard_precaution_statements": [], "labels": [], "description": null, "info": "", "images": [{"small": "https://rema-product-images.digital.rema1000.dk/411495/1-small-v09glZ5zPA.webp", "medium": "https://rema-product-images.digital.rema1000.dk/411495/1-medium-v09glZ5zPA.webp", "large": "https://rema-product-images.digital.rema1000.dk/411495/1-large-v09glZ5zPA.webp"}], "prices": [{"price": 15, "price_over_max_quantity": null, "max_quantity": null, "is_advertised": false, "is_campaign": false, "starting_at": "2016-06-15T00:00:00+00:00", "ending_at": "2099-12-31T00:00:00+00:00", "deposit": null, "compare_unit": "kg", "compare_unit_price": 93.75, "consumption_unit": null, "consumption_quantity": null}], "temperature_zone": "refrigerated_5_degrees_celsius", "is_self_scale_item": false, "is_weight_item": false, "is_available_in_all_stores": false, "is_batch_item": false}
{"id": 411507, "name": "BABY SPINAT", "underline": "70 GR. / ØKOLOGISK", "age_limit": null, "hazard_precaution_statements": [], "labels": [{"id": 2, "name": "REMA1000", "image": "https://static-assets.digital.rema1000.dk/product/labels/2-64.webp"}, {"id": 5, "name": "Økologi", "image": "https://static-assets.digital.rema1000.dk/product/labels/5-64.webp"}, {"id": 40, "name": "Nøglehul", "image": "https://static-assets.digital.rema1000.dk/product/labels/40-64.webp"}], "description": null, "info": "", "images": [{"small": "https://rema-product-images.digital.rema1000.dk/411507/1-small-v09glZ5DPA.webp", "medium": "https://rema-product-images.digital.rema1000.dk/411507/1-medium-v09glZ5DPA.webp", "large": "https://rema-product-images.digital.rema1000.dk/411507/1-large-v09glZ5DPA.webp"}], "prices": [{"price": 14, "price_over_max_quantity": null, "max_quantity": null, "is_advertised": false, "is_campaign": false, "starting_at": "2025-04-10T00:00:00+00:00", "ending_at": "2025-08-30T00:00:00+00:00", "deposit": null, "compare_unit": "kg", "compare_unit_price": 200, "consumption_unit": null, "consumption_quantity": null}], "temperature_zone": "refrigerated_5_degrees_celsius", "is_self_scale_item": false, "is_weight_item": false, "is_available_in_all_stores": false, "is_batch_item": false}
{"id": 411530, "name": "KYLLINGEBRYST M/PEBER", "underline": "90 GR. / PÅLÆKKER", "age_limit": null, "hazard_precaution_statements": [], "labels": [{"id": 40, "name": "Nøglehul", "image": "https://static-assets.digital.rema1000.dk/product/labels/40-64.webp"}], "description": "Til Pålækker Kyllingefilet bruger vi udelukkende kyllingefilet af bedste kvalitet, som vi koger i flere trin. Under kogningen udvikler kødet sine fine smagsnuancer.Vi slutter af med at rulle kyllingefileten i en specielt udvalgt peberblanding. Som altid skærer vi Pålækker i ekstra tykke skiver - naturligvis uden fosfat og andre unødvendige tilsætningsstoffer.", "info": "", "images": [{"small": "https://rema-product-images.digital.rema1000.dk/411530/1-small-869DjdpboM.webp", "medium": "https://rema-product-images.digital.rema1000.dk/411530/1-medium-869DjdpboM.webp", "large": "https://rema-product-images.digital.rema1000.dk/411530/1-large-869DjdpboM.webp"}], "prices": [{"price": 16.95, "price_over_max_quantity": null, "max_quantity": null, "is_advertised": false, "is_campaign": false, "starting_at": "2025-05-22T00:00:00+00:00", "ending_at": "2025-08-23T00:00:00+00:00", "deposit": null, "compare_unit": "kg", "compare_unit_price": 188.33, "consumption_unit": null, "consumption_quantity": null}], "temperature_zone": "refrigerated_5_degrees_celsius", "is_self_scale_item": false, "is_weight_item": false, "is_available_in_all_stores": false, "is_batch_item": false}
{"id": 411552, "name": "DAGENS SALAT", "underline": "310 GR. / MED DRESSING, ØKOLOGISK", "age_limit": null, "hazard_precaution_statements": [], "labels": [{"id": 2, "name": "REMA1000", "image": "https://static-assets.digital.rema1000.dk/product/labels/2-64.webp"}, {"id": 5, "name": "Økologi", "image": "https://static-assets.digital.rema1000.dk/product/labels/5-64.webp"}, {"id": 6, "name": "Økologi", "image": "https://static-assets.digital.rema1000.dk/product/labels/6-64.webp"}], "description": null, "info": "", "images": [{"small": "https://rema-product-images.digital.rema1000.dk/411552/1-small-NpP70VnXoO.webp", "medium": "https://rema-product-images.digital.rema1000.dk/411552/1-medium-NpP70VnXoO.webp", "large": "https://rema-product-images.digital.rema1000.dk/411552/1-large-NpP70VnXoO.webp"}], "prices": [{"price": 27, "price_over_max_quantity": null, "max_quantity": null, "is_advertised": false, "is_campaign": false, "starting_at": "2025-04-10T00:00:00+00:00", "ending_at": "2025-08-23T00:00:00+00:00", "deposit": null, "compare_unit": "kg", "compare_unit_price": 87.1, "consumption_unit": null, "consumption_quantity": null}], "temperature_zone": "refrigerated_5_degrees_celsius", "is_self_scale_item": false, "is_weight_item": false, "is_available_in_all_stores": true, "is_batch_item": false}
{"id": 411556, "name": "STEGT TOFU", "underline": "200 GR. / CITRONGRÆS & CHILI", "age_limit": null, "hazard_precaution_statements": [], "labels": [], "description": null, "info": "", "images": [{"small": "https://rema-product-images.digital.rema1000.dk/411556/1-small-18oXK7WEPk.webp", "medium": "https://rema-product-images.digital.rema1000.dk/411556/1-medium-18oXK7WEPk.webp", "large": "https://rema-product-images.digital.rema1000.dk/411556/1-large-18oXK7WEPk.webp"}], "prices": [{"price": 17.95, "price_over_max_quantity": null, "max_quantity": null, "is_advertised": false, "is_campaign": false, "starting_at": "2021-02-26T00:00:00+00:00", "ending_at": "2099-12-31T00:00:00+00:00", "deposit": null, "compare_unit": "kg", "compare_unit_price": 89.75, "consumption_unit": null, "consumption_quantity": null}], "temperature_zone": "refrigerated_5_degrees_celsius", "is_self_scale_item": false, "is_weight_item": false, "is_available_in_all_stores": false, "is_batch_item": false}
{"id": 411557, "name": "FRISK TOFU", "underline": "200 GR. / TRADITIONEL", "age_limit": null, "hazard_precaution_statements": [], "labels": [{"id": 40, "name": "Nøglehul", "image": "https://static-assets.digital.rema1000.dk/product/labels/40-64.webp"}], "description": null, "info": "", "images": [{"small": "https://rema-product-images.digital.rema1000.dk/411557/1-small-wyPba4WW9E.webp", "medium": "https://rema-product-images.digital.rema1000.dk/411557/1-medium-wyPba4WW9E.webp", "large": "https://rema-product-images.digital.rema1000.dk/411557/1-large-wyPba4WW9E.webp"}], "prices": [{"price": 16.95, "price_over_max_quantity": null, "max_quantity": null, "is_advertised": false, "is_campaign": false, "starting_at": "2022-03-03T00:00:00+00:00", "ending_at": "2099-12-31T00:00:00+00:00", "deposit": null, "compare_unit": "kg", "compare_unit_price": 84.75, "consumption_unit": null, "consumption_quantity": null}], "temperature_zone": "refrigerated_5_degrees_celsius", "is_self_scale_item": false, "is_weight_item": false, "is_available_in_all_stores": false, "is_batch_item": false}
{"id": 411581, "name": "KYLLING NATUREL", "underline": "125 GR. / REMA 1000, SANDWICHSKIVER", "age_limit": null, "hazard_precaution_statements": [], "labels": [{"id": 2, "name": "REMA1000", "image": "https://static-assets.digital.rema1000.dk/product/labels/2-64.webp"}, {"id": 40, "name": "Nøglehul", "image": "https://static-assets.digital.rema1000.dk/product/labels/40-64.webp"}, {"id": 70, "name": "Dansk", "image": "https://static-assets.digital.rema1000.dk/product/labels/70-64.webp"}], "description": "<b>Discount med holdning</b><br />I REMA 1000 har vi fokus på kvalitet til lave priser og overskriften på vores arbejde er Discount med holdning.<br /> <br />Vi har en klar holdning til alle de varer, vi sælger. Vi stiller ikke kun krav til kvaliteten af vores egne mærkevarer – det er også vigtigt for os, at emballagerne er designet til genanvendelse, at indholdet er uden problematiske stoffer, og at varerne er produceret ansvarligt samt mærket med tydelige og valide certificeringer.<br /><br /><b>Om denne vare</b><br />REMA 1000 kylling naturel sandwichskiver, er skiveskåret kyllingebryst som er perfekt til madpakken eller i en god sandwich.", "info": "", "images": [{"small": "https://rema-product-images.digital.rema1000.dk/411581/1-small-JzPJgDw5ok.webp", "medium": "https://rema-product-images.digital.rema1000.dk/411581/1-medium-JzPJgDw5ok.webp", "large": "https://rema-product-images.digital.rema1000.dk/411581/1-large-JzPJgDw5ok.webp"}], "prices": [{"price": 17.95, "price_over_max_quantity": null, "max_quantity": null, "is_advertised": false, "is_campaign": false, "starting_at": "2025-06-19T00:00:00+00:00", "ending_at": "2099-12-31T00:00:00+00:00", "deposit": null, "compare_unit": "kg", "compare_unit_price": 143.6, "consumption_unit": null, "consumption_quantity": null}], "temperature_zone": "refrigerated_5_degrees_celsius", "is_self_scale_item": false, "is_weight_item": false, "is_available_in_all_stores": true, "is_batch_item": false}
{"id": 411582, "name": "KYLLING PROVENCE", "underline": "125 GR. / REMA 1000, SANDWICHSKIVER", "age_limit": null, "hazard_precaution_statements": [], "labels": [{"id": 2, "name": "REMA1000", "image": "https://static-assets.digital.rema1000.dk/product/labels/2-64.webp"}, {"id": 40, "name": "Nøglehul", "image": "https://static-assets.digital.rema1000.dk/product/labels/40-64.webp"}, {"id": 70, "name": "Dansk", "image": "https://static-assets.digital.rema1000.dk/product/labels/70-64.webp"}], "description": "<b>Discount med holdning</b><br />I REMA 1000 har vi fokus på kvalitet til lave priser og overskriften på vores arbejde er Discount med holdning.<br /> <br />Vi har en klar holdning til alle de varer, vi sælger. Vi stiller ikke kun krav til kvaliteten af vores egne mærkevarer – det er også vigtigt for os, at emballagerne er designet til genanvendelse, at indholdet er uden problematiske stoffer, og at varerne er produceret ansvarligt samt mærket med tydelige og valide certificeringer.<br /><br /><b>Om denne vare</b><br />REMA 1000 kylling provence sandwichskiver, er skiveskåret kyllingebryst med krydderurter, som er perfekt til madpakken eller i en god sandwich.", "info": "", "images": [{"small": "https://rema-product-images.digital.rema1000.dk/411582/1-small-MBoNXG509v.webp", "medium": "https://rema-product-images.digital.rema1000.dk/411582/1-medium-MBoNXG509v.webp", "large": "https://rema-product-images.digital.rema1000.dk/411582/1-large-MBoNXG509v.webp"}], "prices": [{"price": 17.95, "price_over_max_quantity": null, "max_quantity": null, "is_advertised": false, "is_campaign": false, "starting_at": "2025-06-19T00:00:00+00:00", "ending_at": "2099-12-31T00:00:00+00:00", "deposit": null, "compare_unit": "kg", "compare_unit_price": 143.6, "consumption_unit": null, "consumption_quantity": null}], "temperature_zone": "refrigerated_5_degrees_celsius", "is_self_scale_item": false, "is_weight_item": false, "is_available_in_all_stores": true, "is_batch_item": false}
{"id": 41160, "name": "OKSEKØDSSUPPE", "underline": "1000 GR. / REMA 1000", "age_limit": null, "hazard_precaution_statements": [], "labels": [{"id": 2, "name": "REMA1000", "image": "https://static-assets.digital.rema1000.dk/product/labels/2-64.webp"}], "description": "Kogt på oksekraftben  ", "info": "", "images": [{"small": "https://rema-product-images.digital.rema1000.dk/41160/1-small-6xqAQaDqDr.webp", "medium": "https://rema-product-images.digital.rema1000.dk/41160/1-medium-6xqAQaDqDr.webp", "large": "https://rema-product-images.digital.rema1000.dk/41160/1-large-6xqAQaDqDr.webp"}], "prices": [{"price": 19.95, "price_over_max_quantity": null, "max_quantity": null, "is_advertised": false, "is_campaign": false, "starting_at": "2023-08-24T00:00:00+00:00", "ending_at": "2099-12-31T00:00:00+00:00", "deposit": null, "compare_unit": "kg", "compare_unit_price": 19.95, "consumption_unit": null, "consumption_quantity": null}], "temperature_zone": "frozen_18_degrees_celsius", "is_self_scale_item": false, "is_weight_item": false, "is_available_in_all_stores": true, "is_batch_item": false}
{"id": 41161, "name": "HØNSEKØDSSUPPE", "underline": "1000 GR. / REMA 1000", "age_limit": null, "hazard_precaution_statements": [], "labels": [{"id": 2, "name": "REMA1000", "image": "https://static-assets.digital.rema1000.dk/product/labels/2-64.webp"}], "description": "Kogt på høns og oksekraftben  <br /> <br />", "info": "", "images": [{"small": "https://rema-product-images.digital.rema1000.dk/41161/1-small-Z8qp4x4q3N.webp", "medium": "https://rema-product-images.digital.rema1000.dk/41161/1-medium-Z8qp4x4q3N.webp", "large": "https://rema-product-images.digital.rema1000.dk/41161/1-large-Z8qp4x4q3N.webp"}], "prices": [{"price": 19.95, "price_over_max_quantity": null, "max_quantity": null, "is_advertised": false, "is_campaign": false, "starting_at": "2023-08-24T00:00:00+00:00", "ending_at": "2099-12-31T00:00:00+00:00", "deposit": null, "compare_unit": "kg", "compare_unit_price": 19.95, "consumption_unit": null, "consumption_quantity": null}], "temperature_zone": "frozen_18_degrees_celsius", "is_self_scale_item": false, "is_weight_item": false, "is_available_in_all_stores": true, "is_batch_item": false}
{"id": 411616, "name": "OKSE SPEGEPØLSE", "underline": "80 GR. / 3-STJERNET", "age_limit": null, "hazard_precaution_statements": [], "labels": [], "description": "Oksespegepølsen er en skiveskåret nyhed i køledisken og er fremstillet af rent oksekød. Vi har smagt spegepølsen til med mild chili og spidskommen og røget den over bøgeflis. Kombinationen af røg og krydderier er med til at give spegepølsen en mild og afrundet smag. En spegepølse som smager af oksekød og chili uden at være spicy.", "info": "", "images": [{"small": "https://rema-product-images.digital.rema1000.dk/411616/1-small-6xqA8YGboD.webp", "medium": "https://rema-product-images.digital.rema1000.dk/411616/1-medium-6xqA8YGboD.webp", "large": "https://rema-product-images.digital.rema1000.dk/411616/1-large-6xqA8YGboD.webp"}], "prices": [{"price": 19.95, "price_over_max_quantity": null, "max_quantity": null, "is_advertised": false, "is_campaign": false, "starting_at": "2023-01-05T00:00:00+00:00", "ending_at": "2099-12-31T00:00:00+00:00", "deposit": null, "compare_unit": "kg", "compare_unit_price": 249.38, "consumption_unit": null, "consumption_quantity": null}], "temperature_zone": "refrigerated_5_degrees_celsius", "is_self_scale_item": false, "is_weight_item": false, "is_available_in_all_stores": false, "is_batch_item": false}
{"id": 411626, "name": "SALAMI M/MINDRE FEDT", "underline": "110 GR. / 3-STJERNET", "age_limit": null, "hazard_precaution_statements": [], "labels": [], "description": "Salami med mindre fedt. Til dig, der elsker salami men gerne vil have den i en lidt lettere udgave. Der er ikke sparet på den gode originale salami smag. Det er der til gengæld på fedtindholdet, som vi har reduceret med 40% i forhold til Den originale 3-Stjernet salami. For netop at få den fornemme salte smag frem, som er så karakteristisk for salami fra 3-Stjernet, bliver Salami med mindre fedt også lagesaltet førend pølserne røges og tørres. Det tager derfor op til seks uger, før den rette konsistens og smag opnås, og pølsen kan godkendes.", "info": "", "images": [{"small": "https://rema-product-images.digital.rema1000.dk/411626/1-small-kOq3rgzno6.webp", "medium": "https://rema-product-images.digital.rema1000.dk/411626/1-medium-kOq3rgzno6.webp", "large": "https://rema-product-images.digital.rema1000.dk/411626/1-large-kOq3rgzno6.webp"}], "prices": [{"price": 19.95, "price_over_max_quantity": null, "max_quantity": null, "is_advertised": false, "is_campaign": false, "starting_at": "2023-01-05T00:00:00+00:00", "ending_at": "2099-12-31T00:00:00+00:00", "deposit": null, "compare_unit": "kg", "compare_unit_price": 181.36, "consumption_unit": null, "consumption_quantity": null}], "temperature_zone": "refrigerated_5_degrees_celsius", "is_self_scale_item": false, "is_weight_item": false, "is_available_in_all_stores": false, "is_batch_item": false}
{"id": 411638, "name": "KYLLINGEPØLSE 8%", "underline": "110 GR. / 3-STJERNET", "age_limit": null, "hazard_precaution_statements": [], "labels": [{"id": 40, "name": "Nøglehul", "image": "https://static-assets.digital.rema1000.dk/product/labels/40-64.webp"}], "description": "Kyllingepølse med kun 9% fedt er en nyhed fra 3-Stjernet, og falder fint i tråd med de øvrige pålægspølser i serien af fedtfattige pålægsvarianter. Med sin milde smag af kylling og fine konsistens er kyllingepølsen et perfekt valg til børnene, madpakken eller en sandwich. Kyllingepølsen har naturligvis det grønne nøglehulsmærke", "info": "", "images": [{"small": "https://rema-product-images.digital.rema1000.dk/411638/1-small-MBoNXGzb9v.webp", "medium": "https://rema-product-images.digital.rema1000.dk/411638/1-medium-MBoNXGzb9v.webp", "large": "https://rema-product-images.digital.rema1000.dk/411638/1-large-MBoNXGzb9v.webp"}], "prices": [{"price": 18.95, "price_over_max_quantity": null, "max_quantity": null, "is_advertised": false, "is_campaign": false, "starting_at": "2025-06-26T00:00:00+00:00", "ending_at": "2099-12-31T00:00:00+00:00", "deposit": null, "compare_unit": "kg", "compare_unit_price": 172.27, "consumption_unit": null, "consumption_quantity": null}], "temperature_zone": "refrigerated_5_degrees_celsius", "is_self_scale_item": false, "is_weight_item": false, "is_available_in_all_stores": false, "is_batch_item": false}
{"id": 41165, "name": "KØD- OG MELBOLLER", "underline": "1000 GR. / REMA 1000", "age_limit": null, "hazard_precaution_statements": [], "labels": [{"id": 2, "name": "REMA1000", "image": "https://static-assets.digital.rema1000.dk/product/labels/2-64.webp"}], "description": " Kød- og melboller er produceret i Danmark - og klar til brug i suppen. Kødbollerne er rørt af finthakket svine- og oksekød og med et kødindhold på 70%. Melbollerne er rørt af bl.a. hvedemel og æg.<br />", "info": "", "images": [{"small": "https://rema-product-images.digital.rema1000.dk/41165/1-small-bJ9Yx6WqL5.webp", "medium": "https://rema-product-images.digital.rema1000.dk/41165/1-medium-bJ9Yx6WqL5.webp", "large": "https://rema-product-images.digital.rema1000.dk/41165/1-large-bJ9Yx6WqL5.webp"}], "prices": [{"price": 42.95, "price_over_max_quantity": null, "max_quantity": null, "is_advertised": false, "is_campaign": false, "starting_at": "2025-06-26T00:00:00+00:00", "ending_at": "2025-09-13T00:00:00+00:00", "deposit": null, "compare_unit": "kg", "compare_unit_price": 42.95, "consumption_unit": null, "consumption_quantity": null}], "temperature_zone": "frozen_18_degrees_celsius", "is_self_scale_item": false, "is_weight_item": false, "is_available_in_all_stores": true, "is_batch_item": false}
{"id": 411651, "name": "SØNDERJYSK SPEGEPØLSE", "underline": "125 GR. / GØL", "age_limit": null, "hazard_precaution_statements": [], "labels": [{"id": 70, "name": "Dansk", "image": "https://static-assets.digital.rema1000.dk/product/labels/70-64.webp"}], "description": null, "info": "", "images": [{"small": "https://rema-product-images.digital.rema1000.dk/411651/1-small-v09glZevPA.webp", "medium": "https://rema-product-images.digital.rema1000.dk/411651/1-medium-v09glZevPA.webp", "large": "https://rema-product-images.digital.rema1000.dk/411651/1-large-v09glZevPA.webp"}], "prices": [{"price": 15.95, "price_over_max_quantity": null, "max_quantity": null, "is_advertised": false, "is_campaign": false, "starting_at": "2023-11-02T00:00:00+00:00", "ending_at": "2025-09-10T00:00:00+00:00", "deposit": null, "compare_unit": "kg", "compare_unit_price": 127.6, "consumption_unit": null, "consumption_quantity": null}], "temperature_zone": "refrigerated_5_degrees_celsius", "is_self_scale_item": false, "is_weight_item": false, "is_available_in_all_stores": true, "is_batch_item": false}
{"id": 411652, "name": "PEBER SPEGEPØLSE", "underline": "125 GR. / GØL", "age_limit": null, "hazard_precaution_statements": [], "labels": [{"id": 70, "name": "Dansk", "image": "https://static-assets.digital.rema1000.dk/product/labels/70-64.webp"}], "description": null, "info": "", "images": [{"small": "https://rema-product-images.digital.rema1000.dk/411652/1-small-NpP70V3NoO.webp", "medium": "https://rema-product-images.digital.rema1000.dk/411652/1-medium-NpP70V3NoO.webp", "large": "https://rema-product-images.digital.rema1000.dk/411652/1-large-NpP70V3NoO.webp"}], "prices": [{"price": 15.95, "price_over_max_quantity": null, "max_quantity": null, "is_advertised": false, "is_campaign": false, "starting_at": "2023-11-02T00:00:00+00:00", "ending_at": "2025-09-10T00:00:00+00:00", "deposit": null, "compare_unit": "kg", "compare_unit_price": 127.6, "consumption_unit": null, "consumption_quantity": null}], "temperature_zone": "refrigerated_5_degrees_celsius", "is_self_scale_item": false, "is_weight_item": false, "is_available_in_all_stores": true, "is_batch_item": false}
{"id": 411653, "name": "KØDPØLSE", "underline": "135 GR. / GØL", "age_limit": null, "hazard_precaution_statements": [], "labels": [{"id": 70, "name": "Dansk", "image": "https://static-assets.digital.rema1000.dk/product/labels/70-64.webp"}], "description": null, "info": "", "images": [{"small": "https://rema-product-images.digital.rema1000.dk/411653/1-small-aboK126J9p.webp", "medium": "https://rema-product-images.digital.rema1000.dk/411653/1-medium-aboK126J9p.webp", "large": "https://rema-product-images.digital.rema1000.dk/411653/1-large-aboK126J9p.webp"}], "prices": [{"price": 12.95, "price_over_max_quantity": null, "max_quantity": null, "is_advertised": false, "is_campaign": false, "starting_at": "2023-04-27T00:00:00+00:00", "ending_at": "2025-09-10T00:00:00+00:00", "deposit": null, "compare_unit": "kg", "compare_unit_price": 95.93, "consumption_unit": null, "consumption_quantity": null}], "temperature_zone": "refrigerated_5_degrees_celsius", "is_self_scale_item": false, "is_weight_item": false, "is_available_in_all_stores": true, "is_batch_item": false}
{"id": 411654, "name": "HVIDLØGS SPEGEPØLSE", "underline": "125 GR. / GØL", "age_limit": null, "hazard_precaution_statements": [], "labels": [{"id": 70, "name": "Dansk", "image": "https://static-assets.digital.rema1000.dk/product/labels/70-64.webp"}], "description": null, "info": "", "images": [{"small": "https://rema-product-images.digital.rema1000.dk/411654/1-small-Al90z56wo8.webp", "medium": "https://rema-product-images.digital.rema1000.dk/411654/1-medium-Al90z56wo8.webp", "large": "https://rema-product-images.digital.rema1000.dk/411654/1-large-Al90z56wo8.webp"}], "prices": [{"price": 15.95, "price_over_max_quantity": null, "max_quantity": null, "is_advertised": false, "is_campaign": false, "starting_at": "2023-11-02T00:00:00+00:00", "ending_at": "2025-09-10T00:00:00+00:00", "deposit": null, "compare_unit": "kg", "compare_unit_price": 127.6, "consumption_unit": null, "consumption_quantity": null}], "temperature_zone": "refrigerated_5_degrees_celsius", "is_self_scale_item": false, "is_weight_item": false, "is_available_in_all_stores": true, "is_batch_item": false}
{"id": 411666, "name": "SALAMI DEN ORIGINALE", "underline": "200 GR. / 3-STJERNET***", "age_limit": null, "hazard_precaution_statements": [], "labels": [], "description": null, "info": "", "images": [{"small": "https://rema-product-images.digital.rema1000.dk/411666/1-small-pyozbE7poX.webp", "medium": "https://rema-product-images.digital.rema1000.dk/411666/1-medium-pyozbE7poX.webp", "large": "https://rema-product-images.digital.rema1000.dk/411666/1-large-pyozbE7poX.webp"}], "prices": [{"price": 24.95, "price_over_max_quantity": null, "max_quantity": null, "is_advertised": false, "is_campaign": false, "starting_at": "2024-06-27T00:00:00+00:00", "ending_at": "2099-12-31T00:00:00+00:00", "deposit": null, "compare_unit": "kg", "compare_unit_price": 124.75, "consumption_unit": null, "consumption_quantity": null}], "temperature_zone": "refrigerated_5_degrees_celsius", "is_self_scale_item": false, "is_weight_item": false, "is_available_in_all_stores": true, "is_batch_item": false}
{"id": 411667, "name": "SDJ. SPEGEPØLSE", "underline": "125 GR. / 3-STJERNET***", "age_limit": null, "hazard_precaution_statements": [], "labels": [], "description": null, "info": "", "images": [{"small": "https://rema-product-images.digital.rema1000.dk/411667/1-small-MNqZK05a9A.webp", "medium": "https://rema-product-images.digital.rema1000.dk/411667/1-medium-MNqZK05a9A.webp", "large": "https://rema-product-images.digital.rema1000.dk/411667/1-large-MNqZK05a9A.webp"}], "prices": [{"price": 19.95, "price_over_max_quantity": null, "max_quantity": null, "is_advertised": false, "is_campaign": false, "starting_at": "2023-01-05T00:00:00+00:00", "ending_at": "2099-12-31T00:00:00+00:00", "deposit": null, "compare_unit": "kg", "compare_unit_price": 159.6, "consumption_unit": null, "consumption_quantity": null}], "temperature_zone": "refrigerated_5_degrees_celsius", "is_self_scale_item": false, "is_weight_item": false, "is_available_in_all_stores": true, "is_batch_item": false}
{"id": 411668, "name": "KARTOFFELSPEGEPØLSE", "underline": "125 GR. / 3-STJERNET***", "age_limit": null, "hazard_precaution_statements": [], "labels": [], "description": null, "info": "", "images": [{"small": "https://rema-product-images.digital.rema1000.dk/411668/1-small-vXodYevYq3.webp", "medium": "https://rema-product-images.digital.rema1000.dk/411668/1-medium-vXodYevYq3.webp", "large": "https://rema-product-images.digital.rema1000.dk/411668/1-large-vXodYevYq3.webp"}], "prices": [{"price": 19.95, "price_over_max_quantity": null, "max_quantity": null, "is_advertised": false, "is_campaign": false, "starting_at": "2023-01-05T00:00:00+00:00", "ending_at": "2099-12-31T00:00:00+00:00", "deposit": null, "compare_unit": "kg", "compare_unit_price": 159.6, "consumption_unit": null, "consumption_quantity": null}], "temperature_zone": "refrigerated_5_degrees_celsius", "is_self_scale_item": false, "is_weight_item": false, "is_available_in_all_stores": true, "is_batch_item": false}
{"id": 411670, "name": "RØGET MEDISTER", "underline": "125 GR. / 3-STJERNET***", "age_limit": null, "hazard_precaution_statements": [], "labels": [], "description": null, "info": "", "images": [{"small": "https://rema-product-images.digital.rema1000.dk/411670/1-small-kOq3rgQno6.webp", "medium": "https://rema-product-images.digital.rema1000.dk/411670/1-medium-kOq3rgQno6.webp", "large": "https://rema-product-images.digital.rema1000.dk/411670/1-large-kOq3rgQno6.webp"}], "prices": [{"price": 18.95, "price_over_max_quantity": null, "max_quantity": null, "is_advertised": false, "is_campaign": false, "starting_at": "2025-06-26T00:00:00+00:00", "ending_at": "2099-12-31T00:00:00+00:00", "deposit": null, "compare_unit": "kg", "compare_unit_price": 151.6, "consumption_unit": null, "consumption_quantity": null}], "temperature_zone": "refrigerated_5_degrees_celsius", "is_self_scale_item": false, "is_weight_item": false, "is_available_in_all_stores": true, "is_batch_item": false}
{"id": 41168, "name": "KØDBOLLER", "underline": "800 GR. / REMA 1000", "age_limit": null, "hazard_precaution_statements": [], "labels": [{"id": 2, "name": "REMA1000", "image": "https://static-assets.digital.rema1000.dk/product/labels/2-64.webp"}], "description": " <br />  <br /> <br />", "info": "", "images": [{"small": "https://rema-product-images.digital.rema1000.dk/41168/1-small-vXodrJv93k.webp", "medium": "https://rema-product-images.digital.rema1000.dk/41168/1-medium-vXodrJv93k.webp", "large": "https://rema-product-images.digital.rema1000.dk/41168/1-large-vXodrJv93k.webp"}], "prices": [{"price": 42.95, "price_over_max_quantity": null, "max_quantity": null, "is_advertised": false, "is_campaign": false, "starting_at": "2025-07-03T00:00:00+00:00", "ending_at": "2025-09-13T00:00:00+00:00", "deposit": null, "compare_unit": "kg", "compare_unit_price": 53.69, "consumption_unit": null, "consumption_quantity": null}], "temperature_zone": "frozen_18_degrees_celsius", "is_self_scale_item": false, "is_weight_item": false, "is_available_in_all_stores": true, "is_batch_item": false}
{"id": 411700, "name": "ØKO. SPEGEPØLSE", "underline": "175 GR. / GRAM SLOT", "age_limit": null, "hazard_precaution_statements": [], "labels": [{"id": 5, "name": "Økologi", "image": "https://static-assets.digital.rema1000.dk/product/labels/5-64.webp"}, {"id": 6, "name": "Økologi", "image": "https://static-assets.digital.rema1000.dk/product/labels/6-64.webp"}, {"id": 39, "name": "Gram slot", "image": "https://static-assets.digital.rema1000.dk/product/labels/39-64.webp"}], "description": null, "info": "", "images": [{"small": "https://rema-product-images.digital.rema1000.dk/411700/1-small-xePwxE8Eow.webp", "medium": "https://rema-product-images.digital.rema1000.dk/411700/1-medium-xePwxE8Eow.webp", "large": "https://rema-product-images.digital.rema1000.dk/411700/1-large-xePwxE8Eow.webp"}], "prices": [{"price": 31.95, "price_over_max_quantity": null, "max_quantity": null, "is_advertised": false, "is_campaign": false, "starting_at": "2022-04-21T00:00:00+00:00", "ending_at": "2099-12-31T00:00:00+00:00", "deposit": null, "compare_unit": "kg", "compare_unit_price": 182.57, "consumption_unit": null, "consumption_quantity": null}], "temperature_zone": "refrigerated_5_degrees_celsius", "is_self_scale_item": false, "is_weight_item": false, "is_available_in_all_stores": false, "is_batch_item": false}
{"id": 411722, "name": "RUCOLA", "underline": "70 GR. / ØKOLOGISK", "age_limit": null, "hazard_precaution_statements": [], "labels": [{"id": 2, "name": "REMA1000", "image": "https://static-assets.digital.rema1000.dk/product/labels/2-64.webp"}, {"id": 5, "name": "Økologi", "image": "https://static-assets.digital.rema1000.dk/product/labels/5-64.webp"}, {"id": 40, "name": "Nøglehul", "image": "https://static-assets.digital.rema1000.dk/product/labels/40-64.webp"}], "description": null, "info": "", "images": [{"small": "https://rema-product-images.digital.rema1000.dk/411722/1-small-pyozbEeKoX.webp", "medium": "https://rema-product-images.digital.rema1000.dk/411722/1-medium-pyozbEeKoX.webp", "large": "https://rema-product-images.digital.rema1000.dk/411722/1-large-pyozbEeKoX.webp"}], "prices": [{"price": 14, "price_over_max_quantity": null, "max_quantity": null, "is_advertised": false, "is_campaign": false, "starting_at": "2025-04-10T00:00:00+00:00", "ending_at": "2025-08-30T00:00:00+00:00", "deposit": null, "compare_unit": "kg", "compare_unit_price": 200, "consumption_unit": null, "consumption_quantity": null}], "temperature_zone": "refrigerated_5_degrees_celsius", "is_self_scale_item": false, "is_weight_item": false, "is_available_in_all_stores": false, "is_batch_item": false}
{"id": 411725, "name": "BJØRNEPØLSE", "underline": "80 GR. / REINERT", "age_limit": null, "hazard_precaution_statements": [], "labels": [], "description": null, "info": "", "images": [{"small": "https://rema-product-images.digital.rema1000.dk/411725/1-small-Ea9108yxqz.webp", "medium": "https://rema-product-images.digital.rema1000.dk/411725/1-medium-Ea9108yxqz.webp", "large": "https://rema-product-images.digital.rema1000.dk/411725/1-large-Ea9108yxqz.webp"}], "prices": [{"price": 12.95, "price_over_max_quantity": null, "max_quantity": null, "is_advertised": false, "is_campaign": false, "starting_at": "2023-11-30T00:00:00+00:00", "ending_at": "2099-12-31T00:00:00+00:00", "deposit": null, "compare_unit": "kg", "compare_unit_price": 161.88, "consumption_unit": null, "consumption_quantity": null}], "temperature_zone": "refrigerated_5_degrees_celsius", "is_self_scale_item": false, "is_weight_item": false, "is_available_in_all_stores": true, "is_batch_item": false}
{"id": 411730, "name": "FÆRDIGSTEGT BACON", "underline": "50 GR. / TULIP", "age_limit": null, "hazard_precaution_statements": [], "labels": [], "description": null, "info": "", "images": [{"small": "https://rema-product-images.digital.rema1000.dk/411730/1-small-869DjdLroM.webp", "medium": "https://rema-product-images.digital.rema1000.dk/411730/1-medium-869DjdLroM.webp", "large": "https://rema-product-images.digital.rema1000.dk/411730/1-large-869DjdLroM.webp"}], "prices": [{"price": 19.95, "price_over_max_quantity": null, "max_quantity": null, "is_advertised": false, "is_campaign": false, "starting_at": "2023-11-02T00:00:00+00:00", "ending_at": "2099-12-31T00:00:00+00:00", "deposit": null, "compare_unit": "kg", "compare_unit_price": 399, "consumption_unit": null, "consumption_quantity": null}], "temperature_zone": "refrigerated_5_degrees_celsius", "is_self_scale_item": false, "is_weight_item": false, "is_available_in_all_stores": false, "is_batch_item": false}
{"id": 411773, "name": "BEEF STICK", "underline": "20 GR. / ØKO. HANEGAL", "age_limit": null, "hazard_precaution_statements": [], "labels": [{"id": 5, "name": "Økologi", "image": "https://static-assets.digital.rema1000.dk/product/labels/5-64.webp"}, {"id": 6, "name": "Økologi", "image": "https://static-assets.digital.rema1000.dk/product/labels/6-64.webp"}], "description": null, "info": "", "images": [{"small": "https://rema-product-images.digital.rema1000.dk/411773/1-small-pYqxAEk891.webp", "medium": "https://rema-product-images.digital.rema1000.dk/411773/1-medium-pYqxAEk891.webp", "large": "https://rema-product-images.digital.rema1000.dk/411773/1-large-pYqxAEk891.webp"}], "prices": [{"price": 8.95, "price_over_max_quantity": null, "max_quantity": null, "is_advertised": false, "is_campaign": false, "starting_at": "2025-05-22T00:00:00+00:00", "ending_at": "2025-09-24T00:00:00+00:00", "deposit": null, "compare_unit": "kg", "compare_unit_price": 447.5, "consumption_unit": null, "consumption_quantity": null}], "temperature_zone": "refrigerated_5_degrees_celsius", "is_self_scale_item": false, "is_weight_item": false, "is_available_in_all_stores": true, "is_batch_item": false}
{"id": 411781, "name": "FJERKRÆ KØDPØLSE", "underline": "200 GR. / ØKO. HANEGAL", "age_limit": null, "hazard_precaution_statements": [], "labels": [{"id": 6, "name": "Økologi", "image": "https://static-assets.digital.rema1000.dk/product/labels/6-64.webp"}, {"id": 38, "name": "Gluten fri", "image": "https://static-assets.digital.rema1000.dk/product/labels/38-64.webp"}, {"id": 40, "name": "Nøglehul", "image": "https://static-assets.digital.rema1000.dk/product/labels/40-64.webp"}], "description": "God fyldig kødsmag, let krydret.", "info": "", "images": [{"small": "https://rema-product-images.digital.rema1000.dk/411781/1-small-JzPJgDVBok.webp", "medium": "https://rema-product-images.digital.rema1000.dk/411781/1-medium-JzPJgDVBok.webp", "large": "https://rema-product-images.digital.rema1000.dk/411781/1-large-JzPJgDVBok.webp"}], "prices": [{"price": 20.95, "price_over_max_quantity": null, "max_quantity": null, "is_advertised": false, "is_campaign": false, "starting_at": "2025-05-22T00:00:00+00:00", "ending_at": "2025-08-20T00:00:00+00:00", "deposit": null, "compare_unit": "kg", "compare_unit_price": 104.75, "consumption_unit": null, "consumption_quantity": null}, {"price": 22.95, "price_over_max_quantity": null, "max_quantity": null, "is_advertised": false, "is_campaign": false, "starting_at": "2025-08-21T00:00:00+00:00", "ending_at": "2099-12-31T00:00:00+00:00", "deposit": null, "compare_unit": "kg", "compare_unit_price": 114.75, "consumption_unit": null, "consumption_quantity": null}], "temperature_zone": "refrigerated_5_degrees_celsius", "is_self_scale_item": false, "is_weight_item": false, "is_available_in_all_stores": false, "is_batch_item": false}
{"id": 411783, "name": "RULLEPØLSE I SKIVER", "underline": "70 GR. / REMA 1000, ØKOLOGISK", "age_limit": null, "hazard_precaution_statements": [], "labels": [{"id": 9001, "name": "Avisvare", "image": "https://static-assets.digital.rema1000.dk/product/labels/9001-64.webp"}, {"id": 2, "name": "REMA1000", "image": "https://static-assets.digital.rema1000.dk/product/labels/2-64.webp"}, {"id": 5, "name": "Økologi", "image": "https://static-assets.digital.rema1000.dk/product/labels/5-64.webp"}, {"id": 6, "name": "Økologi", "image": "https://static-assets.digital.rema1000.dk/product/labels/6-64.webp"}, {"id": 70, "name": "Dansk", "image": "https://static-assets.digital.rema1000.dk/product/labels/70-64.webp"}, {"id": 203, "name": "Bedre dyrevelfærd 3", "image": "https://static-assets.digital.rema1000.dk/product/labels/203-64.webp"}], "description": "<b>Discount med holdning</b><br />I REMA 1000 har vi fokus på kvalitet til lave priser og overskriften på vores arbejde er Discount med holdning.<br /> <br />Vi har en klar holdning til alle de varer, vi sælger. Vi stiller ikke kun krav til kvaliteten af vores egne mærkevarer – det er også vigtigt for os, at emballagerne er designet til genanvendelse, at indholdet er uden problematiske stoffer, og at varerne er produceret ansvarligt samt mærket med tydelige og valide certificeringer.<br /><br /><b>Om denne vare</b><br />REMA 1000 økologisk rullepølse er god til madpakken eller det klassiske danske frokostbord.", "info": "", "images": [{"small": "https://rema-product-images.digital.rema1000.dk/411783/1-small-zOPlyak6oR.webp", "medium": "https://rema-product-images.digital.rema1000.dk/411783/1-medium-zOPlyak6oR.webp", "large": "https://rema-product-images.digital.rema1000.dk/411783/1-large-zOPlyak6oR.webp"}], "prices": [{"price": 15, "price_over_max_quantity": null, "max_quantity": null, "is_advertised": true, "is_campaign": true, "starting_at": "2025-08-17T00:00:00+00:00", "ending_at": "2025-08-23T00:00:00+00:00", "deposit": null, "compare_unit": "kg", "compare_unit_price": 214.29, "consumption_unit": null, "consumption_quantity": null}, {"price": 17.95, "price_over_max_quantity": null, "max_quantity": null, "is_advertised": false, "is_campaign": false, "starting_at": "2025-08-24T00:00:00+00:00", "ending_at": "2025-09-13T00:00:00+00:00", "deposit": null, "compare_unit": "kg", "compare_unit_price": 256.43, "consumption_unit": null, "consumption_quantity": null}], "temperature_zone": "refrigerated_5_degrees_celsius", "is_self_scale_item": false, "is_weight_item": false, "is_available_in_all_stores": false, "is_batch_item": false}
{"id": 411784, "name": "SPEGEPØLSE I SKIVER", "underline": "70 GR. / ØKO.", "age_limit": null, "hazard_precaution_statements": [], "labels": [{"id": 9001, "name": "Avisvare", "image": "https://static-assets.digital.rema1000.dk/product/labels/9001-64.webp"}, {"id": 2, "name": "REMA1000", "image": "https://static-assets.digital.rema1000.dk/product/labels/2-64.webp"}, {"id": 5, "name": "Økologi", "image": "https://static-assets.digital.rema1000.dk/product/labels/5-64.webp"}, {"id": 6, "name": "Økologi", "image": "https://static-assets.digital.rema1000.dk/product/labels/6-64.webp"}, {"id": 70, "name": "Dansk", "image": "https://static-assets.digital.rema1000.dk/product/labels/70-64.webp"}, {"id": 203, "name": "Bedre dyrevelfærd 3", "image": "https://static-assets.digital.rema1000.dk/product/labels/203-64.webp"}], "description": "<b>Discount med holdning</b><br />I REMA 1000 har vi fokus på kvalitet til lave priser og overskriften på vores arbejde er Discount med holdning.<br /> <br />Vi har en klar holdning til alle de varer, vi sælger. Vi stiller ikke kun krav til kvaliteten af vores egne mærkevarer – det er også vigtigt for os, at emballagerne er designet til genanvendelse, at indholdet er uden problematiske stoffer, og at varerne er produceret ansvarligt samt mærket med tydelige og valide certificeringer.<br /><br /><b>Om denne vare</b><br />REMA 1000 økologisk spegepølse er god til madpakken eller det klassiske danske frokostbord.", "info": "", "images": [{"small": "https://rema-product-images.digital.rema1000.dk/411784/1-small-rQqQwB4MPe.webp", "medium": "https://rema-product-images.digital.rema1000.dk/411784/1-medium-rQqQwB4MPe.webp", "large": "https://rema-product-images.digital.rema1000.dk/411784/1-large-rQqQwB4MPe.webp"}], "prices": [{"price": 15, "price_over_max_quantity": null, "max_quantity": null, "is_advertised": true, "is_campaign": true, "starting_at": "2025-08-17T00:00:00+00:00", "ending_at": "2025-08-23T00:00:00+00:00", "deposit": null, "compare_unit": "kg", "compare_unit_price": 214.29, "consumption_unit": null, "consumption_quantity": null}, {"price": 15.95, "price_over_max_quantity": null, "max_quantity": null, "is_advertised": false, "is_campaign": false, "starting_at": "2025-08-24T00:00:00+00:00", "ending_at": "2025-09-13T00:00:00+00:00", "deposit": null, "compare_unit": "kg", "compare_unit_price": 227.86, "consumption_unit": null, "consumption_quantity": null}], "temperature_zone": "refrigerated_5_degrees_celsius", "is_self_scale_item": false, "is_weight_item": false, "is_available_in_all_stores": true, "is_batch_item": false}
{"id": 411785, "name": "HAMBURGERRYG I SKIVER", "underline": "70 GR. / REMA 1000, ØKOLOGISK", "age_limit": null, "hazard_precaution_statements": [], "labels": [{"id": 9001, "name": "Avisvare", "image": "https://static-assets.digital.rema1000.dk/product/labels/9001-64.webp"}, {"id": 2, "name": "REMA1000", "image": "https://static-assets.digital.rema1000.dk/product/labels/2-64.webp"}, {"id": 5, "name": "Økologi", "image": "https://static-assets.digital.rema1000.dk/product/labels/5-64.webp"}, {"id": 6, "name": "Økologi", "image": "https://static-assets.digital.rema1000.dk/product/labels/6-64.webp"}, {"id": 40, "name": "Nøglehul", "image": "https://static-assets.digital.rema1000.dk/product/labels/40-64.webp"}, {"id": 70, "name": "Dansk", "image": "https://static-assets.digital.rema1000.dk/product/labels/70-64.webp"}, {"id": 203, "name": "Bedre dyrevelfærd 3", "image": "https://static-assets.digital.rema1000.dk/product/labels/203-64.webp"}], "description": "<b>Discount med holdning</b><br />I REMA 1000 har vi fokus på kvalitet til lave priser og overskriften på vores arbejde er Discount med holdning.<br /> <br />Vi har en klar holdning til alle de varer, vi sælger. Vi stiller ikke kun krav til kvaliteten af vores egne mærkevarer – det er også vigtigt for os, at emballagerne er designet til genanvendelse, at indholdet er uden problematiske stoffer, og at varerne er produceret ansvarligt samt mærket med tydelige og valide certificeringer.<br /><br /><b>Om denne vare</b><br />REMA 1000 økologisk hamburgerryg er god til madpakken eller det klassiske danske frokostbord.", "info": "", "images": [{"small": "https://rema-product-images.digital.rema1000.dk/411785/1-small-we9Ea1rJ9g.webp", "medium": "https://rema-product-images.digital.rema1000.dk/411785/1-medium-we9Ea1rJ9g.webp", "large": "https://rema-product-images.digital.rema1000.dk/411785/1-large-we9Ea1rJ9g.webp"}], "prices": [{"price": 15, "price_over_max_quantity": null, "max_quantity": null, "is_advertised": true, "is_campaign": true, "starting_at": "2025-08-17T00:00:00+00:00", "ending_at": "2025-08-23T00:00:00+00:00", "deposit": null, "compare_unit": "kg", "compare_unit_price": 214.29, "consumption_unit": null, "consumption_quantity": null}, {"price": 17.95, "price_over_max_quantity": null, "max_quantity": null, "is_advertised": false, "is_campaign": false, "starting_at": "2025-08-24T00:00:00+00:00", "ending_at": "2025-09-13T00:00:00+00:00", "deposit": null, "compare_unit": "kg", "compare_unit_price": 256.43, "consumption_unit": null, "consumption_quantity": null}], "temperature_zone": "refrigerated_5_degrees_celsius", "is_self_scale_item": false, "is_weight_item": false, "is_available_in_all_stores": true, "is_batch_item": false}
{"id": 411792, "name": "FRIKADELLER I BAKKE", "underline": "140 GR. / FRILANDSGRIS", "age_limit": null, "hazard_precaution_statements": [], "labels": [{"id": 2, "name": "REMA1000", "image": "https://static-assets.digital.rema1000.dk/product/labels/2-64.webp"}, {"id": 40, "name": "Nøglehul", "image": "https://static-assets.digital.rema1000.dk/product/labels/40-64.webp"}, {"id": 70, "name": "Dansk", "image": "https://static-assets.digital.rema1000.dk/product/labels/70-64.webp"}, {"id": 190, "name": "Anbefalet af Dyrenes Beskyttelse", "image": "https://static-assets.digital.rema1000.dk/product/labels/190-64.webp"}, {"id": 203, "name": "Bedre dyrevelfærd 3", "image": "https://static-assets.digital.rema1000.dk/product/labels/203-64.webp"}], "description": "<b>Discount med holdning</b><br />I REMA 1000 har vi fokus på kvalitet til lave priser og overskriften på vores arbejde er Discount med holdning.<br /> <br />Vi har en klar holdning til alle de varer, vi sælger. Vi stiller ikke kun krav til kvaliteten af vores egne mærkevarer – det er også vigtigt for os, at emballagerne er designet til genanvendelse, at indholdet er uden problematiske stoffer, og at varerne er produceret ansvarligt samt mærket med tydelige og valide certificeringer.<br /><br /><b>Om denne vare</b><br />REMA 1000 frikadeller af frilandsgris, der er opdrættet hos Peter &amp; Lene i Give eller hos Nielli &amp; Tommy i Karup.<br /><br />REMA 1000 Frilandsgrise er født og opdrættet med den største respekt for dyrenes velfærd. På gårdene i Give og Karup kan grisene gå ude på friland eller i stalde med masser af plads, strøelse og adgang til udearealer.", "info": "", "images": [{"small": "https://rema-product-images.digital.rema1000.dk/411792/1-small-OJq5vKmB9p.webp", "medium": "https://rema-product-images.digital.rema1000.dk/411792/1-medium-OJq5vKmB9p.webp", "large": "https://rema-product-images.digital.rema1000.dk/411792/1-large-OJq5vKmB9p.webp"}], "prices": [{"price": 16.95, "price_over_max_quantity": null, "max_quantity": null, "is_advertised": false, "is_campaign": false, "starting_at": "2023-01-05T00:00:00+00:00", "ending_at": "2025-08-27T00:00:00+00:00", "deposit": null, "compare_unit": "kg", "compare_unit_price": 121.07, "consumption_unit": null, "consumption_quantity": null}], "temperature_zone": "refrigerated_5_degrees_celsius", "is_self_scale_item": false, "is_weight_item": false, "is_available_in_all_stores": true, "is_batch_item": false}
{"id": 411798, "name": "KØDPØLSE I SKIVER", "underline": "100 GR. / FRILANDSGRIS", "age_limit": null, "hazard_precaution_statements": [], "labels": [{"id": 2, "name": "REMA1000", "image": "https://static-assets.digital.rema1000.dk/product/labels/2-64.webp"}, {"id": 70, "name": "Dansk", "image": "https://static-assets.digital.rema1000.dk/product/labels/70-64.webp"}, {"id": 190, "name": "Anbefalet af Dyrenes Beskyttelse", "image": "https://static-assets.digital.rema1000.dk/product/labels/190-64.webp"}, {"id": 203, "name": "Bedre dyrevelfærd 3", "image": "https://static-assets.digital.rema1000.dk/product/labels/203-64.webp"}], "description": "<b>Discount med holdning</b><br />I REMA 1000 har vi fokus på kvalitet til lave priser og overskriften på vores arbejde er Discount med holdning.<br /> <br />Vi har en klar holdning til alle de varer, vi sælger. Vi stiller ikke kun krav til kvaliteten af vores egne mærkevarer – det er også vigtigt for os, at emballagerne er designet til genanvendelse, at indholdet er uden problematiske stoffer, og at varerne er produceret ansvarligt samt mærket med tydelige og valide certificeringer.<br /><br /><b>Om denne vare</b><br />REMA 1000 kødpølse i skiver af frilandsgris, der er opdrættet hos Peter &amp; Lene i Give eller hos Nielli &amp; Tommy i Karup.<br /><br />REMA 1000 Frilandsgrise er født og opdrættet med den største respekt for dyrenes velfærd. På gårdene i Give og Karup kan grisene gå ude på friland eller i stalde med masser af plads, strøelse og adgang til udearealer.", "info": "", "images": [{"small": "https://rema-product-images.digital.rema1000.dk/411798/1-small-Al90z5Y3o8.webp", "medium": "https://rema-product-images.digital.rema1000.dk/411798/1-medium-Al90z5Y3o8.webp", "large": "https://rema-product-images.digital.rema1000.dk/411798/1-large-Al90z5Y3o8.webp"}], "prices": [{"price": 12.95, "price_over_max_quantity": null, "max_quantity": null, "is_advertised": false, "is_campaign": false, "starting_at": "2025-02-01T00:00:00+00:00", "ending_at": "2025-08-30T00:00:00+00:00", "deposit": null, "compare_unit": "kg", "compare_unit_price": 129.5, "consumption_unit": null, "consumption_quantity": null}], "temperature_zone": "refrigerated_5_degrees_celsius", "is_self_scale_item": false, "is_weight_item": false, "is_available_in_all_stores": true, "is_batch_item": false}
{"id": 411799, "name": "FRIKADELLEPØLSE I SKIVER", "underline": "100 GR. / FRILANDSGRIS", "age_limit": null, "hazard_precaution_statements": [], "labels": [{"id": 2, "name": "REMA1000", "image": "https://static-assets.digital.rema1000.dk/product/labels/2-64.webp"}, {"id": 40, "name": "Nøglehul", "image": "https://static-assets.digital.rema1000.dk/product/labels/40-64.webp"}, {"id": 70, "name": "Dansk", "image": "https://static-assets.digital.rema1000.dk/product/labels/70-64.webp"}, {"id": 190, "name": "Anbefalet af Dyrenes Beskyttelse", "image": "https://static-assets.digital.rema1000.dk/product/labels/190-64.webp"}, {"id": 203, "name": "Bedre dyrevelfærd 3", "image": "https://static-assets.digital.rema1000.dk/product/labels/203-64.webp"}], "description": "<b>Discount med holdning</b><br />I REMA 1000 har vi fokus på kvalitet til lave priser og overskriften på vores arbejde er Discount med holdning.<br /> <br />Vi har en klar holdning til alle de varer, vi sælger. Vi stiller ikke kun krav til kvaliteten af vores egne mærkevarer – det er også vigtigt for os, at emballagerne er designet til genanvendelse, at indholdet er uden problematiske stoffer, og at varerne er produceret ansvarligt samt mærket med tydelige og valide certificeringer.<br /><br /><b>Om denne vare</b><br />REMA 1000 frikadellepølse i skiver af frilandsgris, der er opdrættet hos Peter &amp; Lene i Give eller hos Nielli &amp; Tommy i Karup.<br /><br />REMA 1000 Frilandsgrise er født og opdrættet med den største respekt for dyrenes velfærd. På gårdene i Give og Karup kan grisene gå ude på friland eller i stalde med masser af plads, strøelse og adgang til udearealer.", "info": "", "images": [{"small": "https://rema-product-images.digital.rema1000.dk/411799/1-small-A5qV8rkyPa.webp", "medium": "https://rema-product-images.digital.rema1000.dk/411799/1-medium-A5qV8rkyPa.webp", "large": "https://rema-product-images.digital.rema1000.dk/411799/1-large-A5qV8rkyPa.webp"}], "prices": [{"price": 12.95, "price_over_max_quantity": null, "max_quantity": null, "is_advertised": false, "is_campaign": false, "starting_at": "2025-02-01T00:00:00+00:00", "ending_at": "2025-08-30T00:00:00+00:00", "deposit": null, "compare_unit": "kg", "compare_unit_price": 129.5, "consumption_unit": null, "consumption_quantity": null}], "temperature_zone": "refrigerated_5_degrees_celsius", "is_self_scale_item": false, "is_weight_item": false, "is_available_in_all_stores": false, "is_batch_item": false}
{"id": 411809, "name": "STEGT KYLLINGEBRYST", "underline": "80 GR. / TYNDSKÅRET, REMA 1000", "age_limit": null, "hazard_precaution_statements": [], "labels": [{"id": 2, "name": "REMA1000", "image": "https://static-assets.digital.rema1000.dk/product/labels/2-64.webp"}, {"id": 40, "name": "Nøglehul", "image": "https://static-assets.digital.rema1000.dk/product/labels/40-64.webp"}], "description": "<b>Discount med holdning</b><br />I REMA 1000 har vi fokus på kvalitet til lave priser og overskriften på vores arbejde er Discount med holdning.<br /> <br />Vi har en klar holdning til alle de varer, vi sælger. Vi stiller ikke kun krav til kvaliteten af vores egne mærkevarer – det er også vigtigt for os, at emballagerne er designet til genanvendelse, at indholdet er uden problematiske stoffer, og at varerne er produceret ansvarligt samt mærket med tydelige og valide certificeringer.<br /><br /><b>Om denne vare</b><br />REMA 1000 tyndskåret kyllingebryst er god til madpakken, til det klassiske danske frokostbord eller i en sandwich.", "info": "", "images": [{"small": "https://rema-product-images.digital.rema1000.dk/411809/1-small-aboK12kV9p.webp", "medium": "https://rema-product-images.digital.rema1000.dk/411809/1-medium-aboK12kV9p.webp", "large": "https://rema-product-images.digital.rema1000.dk/411809/1-large-aboK12kV9p.webp"}], "prices": [{"price": 15.95, "price_over_max_quantity": null, "max_quantity": null, "is_advertised": false, "is_campaign": false, "starting_at": "2025-06-19T00:00:00+00:00", "ending_at": "2099-12-31T00:00:00+00:00", "deposit": null, "compare_unit": "kg", "compare_unit_price": 199.38, "consumption_unit": null, "consumption_quantity": null}], "temperature_zone": "refrigerated_5_degrees_celsius", "is_self_scale_item": false, "is_weight_item": false, "is_available_in_all_stores": true, "is_batch_item": false}
{"id": 411810, "name": "OKSEPASTRAMI", "underline": "60 GR. / TYNDSKÅRET, REMA 1000", "age_limit": null, "hazard_precaution_statements": [], "labels": [{"id": 2, "name": "REMA1000", "image": "https://static-assets.digital.rema1000.dk/product/labels/2-64.webp"}, {"id": 40, "name": "Nøglehul", "image": "https://static-assets.digital.rema1000.dk/product/labels/40-64.webp"}], "description": "<b>Discount med holdning</b><br />I REMA 1000 har vi fokus på kvalitet til lave priser og overskriften på vores arbejde er Discount med holdning.<br /> <br />Vi har en klar holdning til alle de varer, vi sælger. Vi stiller ikke kun krav til kvaliteten af vores egne mærkevarer – det er også vigtigt for os, at emballagerne er designet til genanvendelse, at indholdet er uden problematiske stoffer, og at varerne er produceret ansvarligt samt mærket med tydelige og valide certificeringer.<br /><br /><b>Om denne vare</b><br />REMA 1000 tyndskåret oksepastrami er god til madpakken, til det klassiske danske frokostbord eller i en sandwich.", "info": "", "images": [{"small": "https://rema-product-images.digital.rema1000.dk/411810/1-small-Al90z5Yyo8.webp", "medium": "https://rema-product-images.digital.rema1000.dk/411810/1-medium-Al90z5Yyo8.webp", "large": "https://rema-product-images.digital.rema1000.dk/411810/1-large-Al90z5Yyo8.webp"}], "prices": [{"price": 15.95, "price_over_max_quantity": null, "max_quantity": null, "is_advertised": false, "is_campaign": false, "starting_at": "2025-06-19T00:00:00+00:00", "ending_at": "2099-12-31T00:00:00+00:00", "deposit": null, "compare_unit": "kg", "compare_unit_price": 265.83, "consumption_unit": null, "consumption_quantity": null}], "temperature_zone": "refrigerated_5_degrees_celsius", "is_self_scale_item": false, "is_weight_item": false, "is_available_in_all_stores": true, "is_batch_item": false}
{"id": 411820, "name": "SKINKE STRIMLER", "underline": "100 GR. / FRILANDSGRIS", "age_limit": null, "hazard_precaution_statements": [], "labels": [{"id": 9001, "name": "Avisvare", "image": "https://static-assets.digital.rema1000.dk/product/labels/9001-64.webp"}, {"id": 2, "name": "REMA1000", "image": "https://static-assets.digital.rema1000.dk/product/labels/2-64.webp"}, {"id": 40, "name": "Nøglehul", "image": "https://static-assets.digital.rema1000.dk/product/labels/40-64.webp"}, {"id": 70, "name": "Dansk", "image": "https://static-assets.digital.rema1000.dk/product/labels/70-64.webp"}, {"id": 190, "name": "Anbefalet af Dyrenes Beskyttelse", "image": "https://static-assets.digital.rema1000.dk/product/labels/190-64.webp"}, {"id": 203, "name": "Bedre dyrevelfærd 3", "image": "https://static-assets.digital.rema1000.dk/product/labels/203-64.webp"}], "description": "<b>Discount med holdning</b><br />I REMA 1000 har vi fokus på kvalitet til lave priser og overskriften på vores arbejde er Discount med holdning.<br /> <br />Vi har en klar holdning til alle de varer, vi sælger. Vi stiller ikke kun krav til kvaliteten af vores egne mærkevarer – det er også vigtigt for os, at emballagerne er designet til genanvendelse, at indholdet er uden problematiske stoffer, og at varerne er produceret ansvarligt samt mærket med tydelige og valide certificeringer.<br /><br /><b>Om denne vare</b><br />REMA 1000 skinke i strimler af frilandsgris, der er opdrættet hos Peter &amp; Lene i Give eller hos Nielli &amp; Tommy i Karup.<br /><br />REMA 1000 Frilandsgrise er født og opdrættet med den største respekt for dyrenes velfærd. På gårdene i Give og Karup kan grisene gå ude på friland eller i stalde med masser af plads, strøelse og adgang til udearealer.", "info": "", "images": [{"small": "https://rema-product-images.digital.rema1000.dk/411820/1-small-AKqeQYXnqp.webp", "medium": "https://rema-product-images.digital.rema1000.dk/411820/1-medium-AKqeQYXnqp.webp", "large": "https://rema-product-images.digital.rema1000.dk/411820/1-large-AKqeQYXnqp.webp"}], "prices": [{"price": 10, "price_over_max_quantity": null, "max_quantity": null, "is_advertised": true, "is_campaign": true, "starting_at": "2025-08-17T00:00:00+00:00", "ending_at": "2025-08-23T00:00:00+00:00", "deposit": null, "compare_unit": "kg", "compare_unit_price": 100, "consumption_unit": null, "consumption_quantity": null}, {"price": 14.95, "price_over_max_quantity": null, "max_quantity": null, "is_advertised": false, "is_campaign": false, "starting_at": "2025-08-24T00:00:00+00:00", "ending_at": "2025-09-13T00:00:00+00:00", "deposit": null, "compare_unit": "kg", "compare_unit_price": 149.5, "consumption_unit": null, "consumption_quantity": null}], "temperature_zone": "refrigerated_5_degrees_celsius", "is_self_scale_item": false, "is_weight_item": false, "is_available_in_all_stores": true, "is_batch_item": false}
{"id": 411821, "name": "PEPPERONI SKIVER", "underline": "100 GR. / FRILANDSGRIS", "age_limit": null, "hazard_precaution_statements": [], "labels": [{"id": 9001, "name": "Avisvare", "image": "https://static-assets.digital.rema1000.dk/product/labels/9001-64.webp"}, {"id": 2, "name": "REMA1000", "image": "https://static-assets.digital.rema1000.dk/product/labels/2-64.webp"}, {"id": 70, "name": "Dansk", "image": "https://static-assets.digital.rema1000.dk/product/labels/70-64.webp"}, {"id": 190, "name": "Anbefalet af Dyrenes Beskyttelse", "image": "https://static-assets.digital.rema1000.dk/product/labels/190-64.webp"}, {"id": 203, "name": "Bedre dyrevelfærd 3", "image": "https://static-assets.digital.rema1000.dk/product/labels/203-64.webp"}], "description": "<b>Discount med holdning</b><br />I REMA 1000 har vi fokus på kvalitet til lave priser og overskriften på vores arbejde er Discount med holdning.<br /> <br />Vi har en klar holdning til alle de varer, vi sælger. Vi stiller ikke kun krav til kvaliteten af vores egne mærkevarer – det er også vigtigt for os, at emballagerne er designet til genanvendelse, at indholdet er uden problematiske stoffer, og at varerne er produceret ansvarligt samt mærket med tydelige og valide certificeringer.<br /><br /><b>Om denne vare</b><br />REMA 1000 pepperoni i skiver af frilandsgris, der er opdrættet hos Peter &amp; Lene i Give eller hos Nielli &amp; Tommy i Karup.<br /><br />REMA 1000 Frilandsgrise er født og opdrættet med den største respekt for dyrenes velfærd. På gårdene i Give og Karup kan grisene gå ude på friland eller i stalde med masser af plads, strøelse og adgang til udearealer.", "info": "", "images": [{"small": "https://rema-product-images.digital.rema1000.dk/411821/1-small-bJ9Y7KwWoL.webp", "medium": "https://rema-product-images.digital.rema1000.dk/411821/1-medium-bJ9Y7KwWoL.webp", "large": "https://rema-product-images.digital.rema1000.dk/411821/1-large-bJ9Y7KwWoL.webp"}], "prices": [{"price": 10, "price_over_max_quantity": null, "max_quantity": null, "is_advertised": true, "is_campaign": true, "starting_at": "2025-08-17T00:00:00+00:00", "ending_at": "2025-08-23T00:00:00+00:00", "deposit": null, "compare_unit": "kg", "compare_unit_price": 100, "consumption_unit": null, "consumption_quantity": null}], "temperature_zone": "refrigerated_5_degrees_celsius", "is_self_scale_item": false, "is_weight_item": false, "is_available_in_all_stores": false, "is_batch_item": false}
{"id": 411822, "name": "BACON SKIVER", "underline": "80 GR. / FRILANDSGRIS", "age_limit": null, "hazard_precaution_statements": [], "labels": [{"id": 2, "name": "REMA1000", "image": "https://static-assets.digital.rema1000.dk/product/labels/2-64.webp"}, {"id": 70, "name": "Dansk", "image": "https://static-assets.digital.rema1000.dk/product/labels/70-64.webp"}, {"id": 190, "name": "Anbefalet af Dyrenes Beskyttelse", "image": "https://static-assets.digital.rema1000.dk/product/labels/190-64.webp"}, {"id": 203, "name": "Bedre dyrevelfærd 3", "image": "https://static-assets.digital.rema1000.dk/product/labels/203-64.webp"}], "description": "<b>Discount med holdning</b><br />I REMA 1000 har vi fokus på kvalitet til lave priser og overskriften på vores arbejde er Discount med holdning.<br /> <br />Vi har en klar holdning til alle de varer, vi sælger. Vi stiller ikke kun krav til kvaliteten af vores egne mærkevarer – det er også vigtigt for os, at emballagerne er designet til genanvendelse, at indholdet er uden problematiske stoffer, og at varerne er produceret ansvarligt samt mærket med tydelige og valide certificeringer.<br /><br /><b>Om denne vare</b><br />REMA 1000 bacon i skiver af frilandsgris, der er opdrættet hos Peter &amp; Lene i Give eller hos Nielli &amp; Tommy i Karup.<br /><br />REMA 1000 Frilandsgrise er født og opdrættet med den største respekt for dyrenes velfærd. På gårdene i Give og Karup kan grisene gå ude på friland eller i stalde med masser af plads, strøelse og adgang til udearealer.", "info": "", "images": [{"small": "https://rema-product-images.digital.rema1000.dk/411822/1-small-pyozbEjzoX.webp", "medium": "https://rema-product-images.digital.rema1000.dk/411822/1-medium-pyozbEjzoX.webp", "large": "https://rema-product-images.digital.rema1000.dk/411822/1-large-pyozbEjzoX.webp"}], "prices": [{"price": 14.95, "price_over_max_quantity": null, "max_quantity": null, "is_advertised": false, "is_campaign": false, "starting_at": "2023-09-28T00:00:00+00:00", "ending_at": "2025-09-06T00:00:00+00:00", "deposit": null, "compare_unit": "kg", "compare_unit_price": 186.88, "consumption_unit": null, "consumption_quantity": null}], "temperature_zone": "refrigerated_5_degrees_celsius", "is_self_scale_item": false, "is_weight_item": false, "is_available_in_all_stores": true, "is_batch_item": false}
{"id": 411823, "name": "BACON TERN", "underline": "90 GR. / FRILANDSGRIS", "age_limit": null, "hazard_precaution_statements": [], "labels": [{"id": 2, "name": "REMA1000", "image": "https://static-assets.digital.rema1000.dk/product/labels/2-64.webp"}, {"id": 70, "name": "Dansk", "image": "https://static-assets.digital.rema1000.dk/product/labels/70-64.webp"}, {"id": 190, "name": "Anbefalet af Dyrenes Beskyttelse", "image": "https://static-assets.digital.rema1000.dk/product/labels/190-64.webp"}, {"id": 203, "name": "Bedre dyrevelfærd 3", "image": "https://static-assets.digital.rema1000.dk/product/labels/203-64.webp"}], "description": null, "info": "", "images": [{"small": "https://rema-product-images.digital.rema1000.dk/411823/1-small-MNqZK0Bg9A.webp", "medium": "https://rema-product-images.digital.rema1000.dk/411823/1-medium-MNqZK0Bg9A.webp", "large": "https://rema-product-images.digital.rema1000.dk/411823/1-large-MNqZK0Bg9A.webp"}], "prices": [{"price": 14.95, "price_over_max_quantity": null, "max_quantity": null, "is_advertised": false, "is_campaign": false, "starting_at": "2023-09-28T00:00:00+00:00", "ending_at": "2025-09-06T00:00:00+00:00", "deposit": null, "compare_unit": "kg", "compare_unit_price": 166.11, "consumption_unit": null, "consumption_quantity": null}], "temperature_zone": "refrigerated_5_degrees_celsius", "is_self_scale_item": false, "is_weight_item": false, "is_available_in_all_stores": false, "is_batch_item": false}
{"id": 411861, "name": "BUTTER CHICKEN", "underline": "350 GR. / MEYERS", "age_limit": null, "hazard_precaution_statements": [], "labels": [], "description": null, "info": "", "images": [{"small": "https://rema-product-images.digital.rema1000.dk/411861/1-small-Z8qp7Wn4o3.webp", "medium": "https://rema-product-images.digital.rema1000.dk/411861/1-medium-Z8qp7Wn4o3.webp", "large": "https://rema-product-images.digital.rema1000.dk/411861/1-large-Z8qp7Wn4o3.webp"}], "prices": [{"price": 39, "price_over_max_quantity": null, "max_quantity": null, "is_advertised": false, "is_campaign": false, "starting_at": "2025-06-19T00:00:00+00:00", "ending_at": "2099-12-31T00:00:00+00:00", "deposit": null, "compare_unit": "kg", "compare_unit_price": 111.43, "consumption_unit": null, "consumption_quantity": null}], "temperature_zone": "refrigerated_5_degrees_celsius", "is_self_scale_item": false, "is_weight_item": false, "is_available_in_all_stores": false, "is_batch_item": false}
{"id": 411879, "name": "KÅLSALAT", "underline": "200 GR. / READY TO GO, MED CAJUN KYLLING", "age_limit": null, "hazard_precaution_statements": [], "labels": [{"id": 2, "name": "REMA1000", "image": "https://static-assets.digital.rema1000.dk/product/labels/2-64.webp"}, {"id": 40, "name": "Nøglehul", "image": "https://static-assets.digital.rema1000.dk/product/labels/40-64.webp"}], "description": "<b>Discount med holdning</b><br />I REMA 1000 har vi fokus på kvalitet til lave priser og overskriften på vores arbejde er Discount med holdning.<br /> <br />Vi har en klar holdning til alle de varer, vi sælger. Vi stiller ikke kun krav til kvaliteten af vores egne mærkevarer – det er også vigtigt for os, at emballagerne er designet til genanvendelse, at indholdet er uden problematiske stoffer, og at varerne er produceret ansvarligt samt mærket med tydelige og valide certificeringer.<br /><br /><b>Om denne vare - READY TO GO</b><br />REMA 1000 kålsalat med smagfuld coleslawdressing, cajun kylling &amp; sojaristede solsikkekerner. Smager skønt og er lige til at spise - både på farten, i madpakken og som tilbehør til aftensmaden.<br /><br />Husk gaffel - dette medfølger ikke i denne salat.", "info": "", "images": [{"small": "https://rema-product-images.digital.rema1000.dk/411879/1-small-Gb9kVOxNq7.webp", "medium": "https://rema-product-images.digital.rema1000.dk/411879/1-medium-Gb9kVOxNq7.webp", "large": "https://rema-product-images.digital.rema1000.dk/411879/1-large-Gb9kVOxNq7.webp"}], "prices": [{"price": 20, "price_over_max_quantity": null, "max_quantity": null, "is_advertised": false, "is_campaign": false, "starting_at": "2021-12-22T00:00:00+00:00", "ending_at": "2025-09-06T00:00:00+00:00", "deposit": null, "compare_unit": "kg", "compare_unit_price": 100, "consumption_unit": null, "consumption_quantity": null}], "temperature_zone": "refrigerated_5_degrees_celsius", "is_self_scale_item": false, "is_weight_item": false, "is_available_in_all_stores": false, "is_batch_item": false}
{"id": 411880, "name": "PASTA CARBONARA", "underline": "400 GR.", "age_limit": null, "hazard_precaution_statements": [], "labels": [], "description": null, "info": "", "images": [{"small": "https://rema-product-images.digital.rema1000.dk/411880/1-small-7doLrWNd96.webp", "medium": "https://rema-product-images.digital.rema1000.dk/411880/1-medium-7doLrWNd96.webp", "large": "https://rema-product-images.digital.rema1000.dk/411880/1-large-7doLrWNd96.webp"}], "prices": [{"price": 29.95, "price_over_max_quantity": null, "max_quantity": null, "is_advertised": false, "is_campaign": false, "starting_at": "2023-01-05T00:00:00+00:00", "ending_at": "2099-12-31T00:00:00+00:00", "deposit": null, "compare_unit": "kg", "compare_unit_price": 74.88, "consumption_unit": null, "consumption_quantity": null}], "temperature_zone": "refrigerated_5_degrees_celsius", "is_self_scale_item": false, "is_weight_item": false, "is_available_in_all_stores": true, "is_batch_item": false}
{"id": 411889, "name": "SPANSK KARTOFFELOMELET", "underline": "200 GR. / M. LØG", "age_limit": null, "hazard_precaution_statements": [], "labels": [], "description": null, "info": "", "images": [{"small": "https://rema-product-images.digital.rema1000.dk/411889/1-small-ElPBrzJYPk.webp", "medium": "https://rema-product-images.digital.rema1000.dk/411889/1-medium-ElPBrzJYPk.webp", "large": "https://rema-product-images.digital.rema1000.dk/411889/1-large-ElPBrzJYPk.webp"}], "prices": [{"price": 15, "price_over_max_quantity": null, "max_quantity": null, "is_advertised": false, "is_campaign": false, "starting_at": "2024-03-27T00:00:00+00:00", "ending_at": "2025-08-23T00:00:00+00:00", "deposit": null, "compare_unit": "kg", "compare_unit_price": 75, "consumption_unit": null, "consumption_quantity": null}], "temperature_zone": "refrigerated_5_degrees_celsius", "is_self_scale_item": false, "is_weight_item": false, "is_available_in_all_stores": true, "is_batch_item": false}
{"id": 411931, "name": "MILD SPEGEPØLSE", "underline": "200 GR. / ØKO. AALBÆK", "age_limit": null, "hazard_precaution_statements": [], "labels": [{"id": 6, "name": "Økologi", "image": "https://static-assets.digital.rema1000.dk/product/labels/6-64.webp"}, {"id": 190, "name": "Anbefalet af Dyrenes Beskyttelse", "image": "https://static-assets.digital.rema1000.dk/product/labels/190-64.webp"}, {"id": 203, "name": "Bedre dyrevelfærd 3", "image": "https://static-assets.digital.rema1000.dk/product/labels/203-64.webp"}], "description": null, "info": "", "images": [{"small": "https://rema-product-images.digital.rema1000.dk/411931/1-small-01q2Drn8P7.webp", "medium": "https://rema-product-images.digital.rema1000.dk/411931/1-medium-01q2Drn8P7.webp", "large": "https://rema-product-images.digital.rema1000.dk/411931/1-large-01q2Drn8P7.webp"}], "prices": [{"price": 39.95, "price_over_max_quantity": null, "max_quantity": null, "is_advertised": false, "is_campaign": false, "starting_at": "2025-06-12T00:00:00+00:00", "ending_at": "2025-09-13T00:00:00+00:00", "deposit": null, "compare_unit": "kg", "compare_unit_price": 199.75, "consumption_unit": null, "consumption_quantity": null}], "temperature_zone": "refrigerated_5_degrees_celsius", "is_self_scale_item": false, "is_weight_item": false, "is_available_in_all_stores": true, "is_batch_item": false}
{"id": 411980, "name": "RØGET RULLEPØLSE", "underline": "90 GR. / REMA 1000 MESTERPÅLÆG", "age_limit": null, "hazard_precaution_statements": [], "labels": [{"id": 2, "name": "REMA1000", "image": "https://static-assets.digital.rema1000.dk/product/labels/2-64.webp"}, {"id": 70, "name": "Dansk", "image": "https://static-assets.digital.rema1000.dk/product/labels/70-64.webp"}], "description": "<b>Discount med holdning</b><br />I REMA 1000 har vi fokus på kvalitet til lave priser og overskriften på vores arbejde er Discount med holdning.<br /> <br />Vi har en klar holdning til alle de varer, vi sælger. Vi stiller ikke kun krav til kvaliteten af vores egne mærkevarer – det er også vigtigt for os, at emballagerne er designet til genanvendelse, at indholdet er uden problematiske stoffer, og at varerne er produceret ansvarligt samt mærket med tydelige og valide certificeringer.<br /><br /><b>Om denne vare</b><br />REMA 1000 Mesterpålæg, røget rullepølse, er røget med bøgeflis for at give den gode smag. Rullepølsen er god til madpakken eller det klassiske danske frokostbord. Fx på et godt stykke rugbrød toppet med lidt sky og løg, eller med mayonnaise og tomat.", "info": "", "images": [{"small": "https://rema-product-images.digital.rema1000.dk/411980/1-small-7doLrW4K96.webp", "medium": "https://rema-product-images.digital.rema1000.dk/411980/1-medium-7doLrW4K96.webp", "large": "https://rema-product-images.digital.rema1000.dk/411980/1-large-7doLrW4K96.webp"}], "prices": [{"price": 17.95, "price_over_max_quantity": null, "max_quantity": null, "is_advertised": false, "is_campaign": false, "starting_at": "2023-05-11T00:00:00+00:00", "ending_at": "2099-12-31T00:00:00+00:00", "deposit": null, "compare_unit": "kg", "compare_unit_price": 199.44, "consumption_unit": null, "consumption_quantity": null}], "temperature_zone": "refrigerated_5_degrees_celsius", "is_self_scale_item": false, "is_weight_item": false, "is_available_in_all_stores": false, "is_batch_item": false}
{"id": 411984, "name": "OKSESPIDSBRYST", "underline": "80 GR. / REMA 1000 MESTERPÅLÆG", "age_limit": null, "hazard_precaution_statements": [], "labels": [{"id": 2, "name": "REMA1000", "image": "https://static-assets.digital.rema1000.dk/product/labels/2-64.webp"}, {"id": 40, "name": "Nøglehul", "image": "https://static-assets.digital.rema1000.dk/product/labels/40-64.webp"}], "description": "<b>Discount med holdning</b><br />I REMA 1000 har vi fokus på kvalitet til lave priser og overskriften på vores arbejde er Discount med holdning.<br /> <br />Vi har en klar holdning til alle de varer, vi sælger. Vi stiller ikke kun krav til kvaliteten af vores egne mærkevarer – det er også vigtigt for os, at emballagerne er designet til genanvendelse, at indholdet er uden problematiske stoffer, og at varerne er produceret ansvarligt samt mærket med tydelige og valide certificeringer.<br /><br /><b>Om denne vare</b><br />REMA 1000 Mesterpålæg, oksespidsbryst, er god til madpakken eller det klassiske danske frokostbord. Fx på et godt stykke rugbrød toppet med lidt peberrodscreme og tomat.", "info": "", "images": [{"small": "https://rema-product-images.digital.rema1000.dk/411984/1-small-rQqQwBZbPe.webp", "medium": "https://rema-product-images.digital.rema1000.dk/411984/1-medium-rQqQwBZbPe.webp", "large": "https://rema-product-images.digital.rema1000.dk/411984/1-large-rQqQwBZbPe.webp"}], "prices": [{"price": 18.95, "price_over_max_quantity": null, "max_quantity": null, "is_advertised": false, "is_campaign": false, "starting_at": "2025-06-19T00:00:00+00:00", "ending_at": "2099-12-31T00:00:00+00:00", "deposit": null, "compare_unit": "kg", "compare_unit_price": 236.88, "consumption_unit": null, "consumption_quantity": null}], "temperature_zone": "refrigerated_5_degrees_celsius", "is_self_scale_item": false, "is_weight_item": false, "is_available_in_all_stores": false, "is_batch_item": false}
{"id": 411985, "name": "ROASTBEEF", "underline": "70 GR. / REMA 1000 MESTERPÅLÆG", "age_limit": null, "hazard_precaution_statements": [], "labels": [{"id": 2, "name": "REMA1000", "image": "https://static-assets.digital.rema1000.dk/product/labels/2-64.webp"}, {"id": 40, "name": "Nøglehul", "image": "https://static-assets.digital.rema1000.dk/product/labels/40-64.webp"}, {"id": 70, "name": "Dansk", "image": "https://static-assets.digital.rema1000.dk/product/labels/70-64.webp"}], "description": "<b>Discount med holdning</b><br />I REMA 1000 har vi fokus på kvalitet til lave priser og overskriften på vores arbejde er Discount med holdning.<br /> <br />Vi har en klar holdning til alle de varer, vi sælger. Vi stiller ikke kun krav til kvaliteten af vores egne mærkevarer – det er også vigtigt for os, at emballagerne er designet til genanvendelse, at indholdet er uden problematiske stoffer, og at varerne er produceret ansvarligt samt mærket med tydelige og valide certificeringer.<br /><br /><b>Om denne vare</b><br />REMA 1000 Mesterpålæg, roastbeef, er god til madpakken eller det klassiske danske frokostbord. Fx på et godt stykke rudbrød toppet med remoulade, ristet løg og lidt peberrod.", "info": "", "images": [{"small": "https://rema-product-images.digital.rema1000.dk/411985/1-small-we9Ea1V89g.webp", "medium": "https://rema-product-images.digital.rema1000.dk/411985/1-medium-we9Ea1V89g.webp", "large": "https://rema-product-images.digital.rema1000.dk/411985/1-large-we9Ea1V89g.webp"}], "prices": [{"price": 19.95, "price_over_max_quantity": null, "max_quantity": null, "is_advertised": false, "is_campaign": false, "starting_at": "2025-06-19T00:00:00+00:00", "ending_at": "2099-12-31T00:00:00+00:00", "deposit": null, "compare_unit": "kg", "compare_unit_price": 285, "consumption_unit": null, "consumption_quantity": null}], "temperature_zone": "refrigerated_5_degrees_celsius", "is_self_scale_item": false, "is_weight_item": false, "is_available_in_all_stores": true, "is_batch_item": false}
{"id": 411986, "name": "KAMSTEG", "underline": "85 GR. / REMA 1000 MESTERPÅLÆG", "age_limit": null, "hazard_precaution_statements": [], "labels": [{"id": 2, "name": "REMA1000", "image": "https://static-assets.digital.rema1000.dk/product/labels/2-64.webp"}, {"id": 40, "name": "Nøglehul", "image": "https://static-assets.digital.rema1000.dk/product/labels/40-64.webp"}, {"id": 70, "name": "Dansk", "image": "https://static-assets.digital.rema1000.dk/product/labels/70-64.webp"}], "description": "<b>Discount med holdning</b><br />I REMA 1000 har vi fokus på kvalitet til lave priser og overskriften på vores arbejde er Discount med holdning.<br /> <br />Vi har en klar holdning til alle de varer, vi sælger. Vi stiller ikke kun krav til kvaliteten af vores egne mærkevarer – det er også vigtigt for os, at emballagerne er designet til genanvendelse, at indholdet er uden problematiske stoffer, og at varerne er produceret ansvarligt samt mærket med tydelige og valide certificeringer.<br /><br /><b>Om denne vare</b><br />REMA 1000 Mesterpålæg, kamsteg, er god til madpakken eller det klassiske danske frokostbord. Fx på et godt stykke rudbrød med lidt mayonnaise under samt rødkål og syltede agurker på toppen.", "info": "", "images": [{"small": "https://rema-product-images.digital.rema1000.dk/411986/1-small-A4Py3Ea7qL.webp", "medium": "https://rema-product-images.digital.rema1000.dk/411986/1-medium-A4Py3Ea7qL.webp", "large": "https://rema-product-images.digital.rema1000.dk/411986/1-large-A4Py3Ea7qL.webp"}], "prices": [{"price": 17.95, "price_over_max_quantity": null, "max_quantity": null, "is_advertised": false, "is_campaign": false, "starting_at": "2023-05-11T00:00:00+00:00", "ending_at": "2099-12-31T00:00:00+00:00", "deposit": null, "compare_unit": "kg", "compare_unit_price": 211.18, "consumption_unit": null, "consumption_quantity": null}], "temperature_zone": "refrigerated_5_degrees_celsius", "is_self_scale_item": false, "is_weight_item": false, "is_available_in_all_stores": true, "is_batch_item": false}
{"id": 411987, "name": "RØGET MØRBRAD", "underline": "80 GR. / REMA 1000 MESTERPÅLÆG", "age_limit": null, "hazard_precaution_statements": [], "labels": [{"id": 2, "name": "REMA1000", "image": "https://static-assets.digital.rema1000.dk/product/labels/2-64.webp"}, {"id": 40, "name": "Nøglehul", "image": "https://static-assets.digital.rema1000.dk/product/labels/40-64.webp"}, {"id": 70, "name": "Dansk", "image": "https://static-assets.digital.rema1000.dk/product/labels/70-64.webp"}], "description": "<b>Discount med holdning</b><br />I REMA 1000 har vi fokus på kvalitet til lave priser og overskriften på vores arbejde er Discount med holdning.<br /> <br />Vi har en klar holdning til alle de varer, vi sælger. Vi stiller ikke kun krav til kvaliteten af vores egne mærkevarer – det er også vigtigt for os, at emballagerne er designet til genanvendelse, at indholdet er uden problematiske stoffer, og at varerne er produceret ansvarligt samt mærket med tydelige og valide certificeringer.<br /><br /><b>Om denne vare</b><br />REMA 1000 Mesterpålæg, røget mørbrad, er god til madpakken eller det klassiske danske frokostbord. Fx på et godt stykke rudbrød toppet med lidt salat under samt røræg og purløg på toppen.", "info": "", "images": [{"small": "https://rema-product-images.digital.rema1000.dk/411987/1-small-dyomVxAQqV.webp", "medium": "https://rema-product-images.digital.rema1000.dk/411987/1-medium-dyomVxAQqV.webp", "large": "https://rema-product-images.digital.rema1000.dk/411987/1-large-dyomVxAQqV.webp"}], "prices": [{"price": 17.95, "price_over_max_quantity": null, "max_quantity": null, "is_advertised": false, "is_campaign": false, "starting_at": "2023-05-11T00:00:00+00:00", "ending_at": "2099-12-31T00:00:00+00:00", "deposit": null, "compare_unit": "kg", "compare_unit_price": 224.38, "consumption_unit": null, "consumption_quantity": null}], "temperature_zone": "refrigerated_5_degrees_celsius", "is_self_scale_item": false, "is_weight_item": false, "is_available_in_all_stores": true, "is_batch_item": false}
{"id": 411988, "name": "SENNPSMARIN.SKINKE", "underline": "90 GR. / REMA 1000 MESTERPÅLÆG", "age_limit": null, "hazard_precaution_statements": [], "labels": [{"id": 2, "name": "REMA1000", "image": "https://static-assets.digital.rema1000.dk/product/labels/2-64.webp"}, {"id": 40, "name": "Nøglehul", "image": "https://static-assets.digital.rema1000.dk/product/labels/40-64.webp"}, {"id": 70, "name": "Dansk", "image": "https://static-assets.digital.rema1000.dk/product/labels/70-64.webp"}], "description": "<b>Discount med holdning</b><br />I REMA 1000 har vi fokus på kvalitet til lave priser og overskriften på vores arbejde er Discount med holdning.<br /> <br />Vi har en klar holdning til alle de varer, vi sælger. Vi stiller ikke kun krav til kvaliteten af vores egne mærkevarer – det er også vigtigt for os, at emballagerne er designet til genanvendelse, at indholdet er uden problematiske stoffer, og at varerne er produceret ansvarligt samt mærket med tydelige og valide certificeringer.<br /><br /><b>Om denne vare</b><br />REMA 1000 Mesterpålæg, sennepsmarineret skinke, er røget med bøgeflis for at give den gode smag. Skinken er god til madpakken eller det klassiske danske frokostbord. Fx på et godt stykke rugbrød toppet med lidt italiensk salat eller avocado og pesto.", "info": "", "images": [{"small": "https://rema-product-images.digital.rema1000.dk/411988/1-small-xePwxE3vow.webp", "medium": "https://rema-product-images.digital.rema1000.dk/411988/1-medium-xePwxE3vow.webp", "large": "https://rema-product-images.digital.rema1000.dk/411988/1-large-xePwxE3vow.webp"}], "prices": [{"price": 17.95, "price_over_max_quantity": null, "max_quantity": null, "is_advertised": false, "is_campaign": false, "starting_at": "2023-05-11T00:00:00+00:00", "ending_at": "2099-12-31T00:00:00+00:00", "deposit": null, "compare_unit": "kg", "compare_unit_price": 199.44, "consumption_unit": null, "consumption_quantity": null}], "temperature_zone": "refrigerated_5_degrees_celsius", "is_self_scale_item": false, "is_weight_item": false, "is_available_in_all_stores": false, "is_batch_item": false}
{"id": 411989, "name": "GRAVAD FILET M/DRES.", "underline": "110 GR. / REMA 1000 MESTERPÅLÆG", "age_limit": null, "hazard_precaution_statements": [], "labels": [{"id": 2, "name": "REMA1000", "image": "https://static-assets.digital.rema1000.dk/product/labels/2-64.webp"}, {"id": 70, "name": "Dansk", "image": "https://static-assets.digital.rema1000.dk/product/labels/70-64.webp"}], "description": "<b>Discount med holdning</b><br />I REMA 1000 har vi fokus på kvalitet til lave priser og overskriften på vores arbejde er Discount med holdning.<br /> <br />Vi har en klar holdning til alle de varer, vi sælger. Vi stiller ikke kun krav til kvaliteten af vores egne mærkevarer – det er også vigtigt for os, at emballagerne er designet til genanvendelse, at indholdet er uden problematiske stoffer, og at varerne er produceret ansvarligt samt mærket med tydelige og valide certificeringer.<br /><br /><b>Om denne vare</b><br />REMA 1000 Mesterpålæg, gravad filet af gris med dilddressing, er god til madpakken eller det klassiske danske frokostbord. Fx på et godt stykke rudbrød med lidt mayonnaise under samt dild og friskkværnet peber på toppen.", "info": "", "images": [{"small": "https://rema-product-images.digital.rema1000.dk/411989/1-small-ElPBrz78Pk.webp", "medium": "https://rema-product-images.digital.rema1000.dk/411989/1-medium-ElPBrz78Pk.webp", "large": "https://rema-product-images.digital.rema1000.dk/411989/1-large-ElPBrz78Pk.webp"}], "prices": [{"price": 17.95, "price_over_max_quantity": null, "max_quantity": null, "is_advertised": false, "is_campaign": false, "starting_at": "2023-05-11T00:00:00+00:00", "ending_at": "2099-12-31T00:00:00+00:00", "deposit": null, "compare_unit": "kg", "compare_unit_price": 163.18, "consumption_unit": null, "consumption_quantity": null}], "temperature_zone": "refrigerated_5_degrees_celsius", "is_self_scale_item": false, "is_weight_item": false, "is_available_in_all_stores": false, "is_batch_item": false}
{"id": 411990, "name": "KYLLINGKRYD.PØLSE", "underline": "90 GR. / REMA 1000 MESTERPÅLÆG", "age_limit": null, "hazard_precaution_statements": [], "labels": [{"id": 2, "name": "REMA1000", "image": "https://static-assets.digital.rema1000.dk/product/labels/2-64.webp"}, {"id": 40, "name": "Nøglehul", "image": "https://static-assets.digital.rema1000.dk/product/labels/40-64.webp"}, {"id": 70, "name": "Dansk", "image": "https://static-assets.digital.rema1000.dk/product/labels/70-64.webp"}], "description": null, "info": "", "images": [{"small": "https://rema-product-images.digital.rema1000.dk/411990/1-small-kAonrDpjox.webp", "medium": "https://rema-product-images.digital.rema1000.dk/411990/1-medium-kAonrDpjox.webp", "large": "https://rema-product-images.digital.rema1000.dk/411990/1-large-kAonrDpjox.webp"}], "prices": [{"price": 17.95, "price_over_max_quantity": null, "max_quantity": null, "is_advertised": false, "is_campaign": false, "starting_at": "2023-05-11T00:00:00+00:00", "ending_at": "2099-12-31T00:00:00+00:00", "deposit": null, "compare_unit": "kg", "compare_unit_price": 199.44, "consumption_unit": null, "consumption_quantity": null}], "temperature_zone": "refrigerated_5_degrees_celsius", "is_self_scale_item": false, "is_weight_item": false, "is_available_in_all_stores": true, "is_batch_item": false}
{"id": 411998, "name": "SALAMI I SKIVER", "underline": "200 GR. / REMA 1000", "age_limit": null, "hazard_precaution_statements": [], "labels": [{"id": 2, "name": "REMA1000", "image": "https://static-assets.digital.rema1000.dk/product/labels/2-64.webp"}], "description": null, "info": "", "images": [{"small": "https://rema-product-images.digital.rema1000.dk/411998/1-small-Al90z51Go8.webp", "medium": "https://rema-product-images.digital.rema1000.dk/411998/1-medium-Al90z51Go8.webp", "large": "https://rema-product-images.digital.rema1000.dk/411998/1-large-Al90z51Go8.webp"}], "prices": [{"price": 16.95, "price_over_max_quantity": null, "max_quantity": null, "is_advertised": false, "is_campaign": false, "starting_at": "2024-07-04T00:00:00+00:00", "ending_at": "2099-12-31T00:00:00+00:00", "deposit": null, "compare_unit": "kg", "compare_unit_price": 84.75, "consumption_unit": null, "consumption_quantity": null}], "temperature_zone": "refrigerated_5_degrees_celsius", "is_self_scale_item": false, "is_weight_item": false, "is_available_in_all_stores": true, "is_batch_item": false}
{"id": 412000, "name": "ITALIENSK SALAMI", "underline": "125 GR. / GØL", "age_limit": null, "hazard_precaution_statements": [], "labels": [{"id": 70, "name": "Dansk", "image": "https://static-assets.digital.rema1000.dk/product/labels/70-64.webp"}], "description": null, "info": "", "images": [{"small": "https://rema-product-images.digital.rema1000.dk/412000/1-small-xePwxE38ow.webp", "medium": "https://rema-product-images.digital.rema1000.dk/412000/1-medium-xePwxE38ow.webp", "large": "https://rema-product-images.digital.rema1000.dk/412000/1-large-xePwxE38ow.webp"}], "prices": [{"price": 15.95, "price_over_max_quantity": null, "max_quantity": null, "is_advertised": false, "is_campaign": false, "starting_at": "2023-11-02T00:00:00+00:00", "ending_at": "2025-09-10T00:00:00+00:00", "deposit": null, "compare_unit": "kg", "compare_unit_price": 127.6, "consumption_unit": null, "consumption_quantity": null}], "temperature_zone": "refrigerated_5_degrees_celsius", "is_self_scale_item": false, "is_weight_item": false, "is_available_in_all_stores": true, "is_batch_item": false}
{"id": 412010, "name": "SKINKE I STRIMLER", "underline": "200 GR. / REMA 1000, 2-PK.", "age_limit": null, "hazard_precaution_statements": [], "labels": [{"id": 2, "name": "REMA1000", "image": "https://static-assets.digital.rema1000.dk/product/labels/2-64.webp"}, {"id": 40, "name": "Nøglehul", "image": "https://static-assets.digital.rema1000.dk/product/labels/40-64.webp"}], "description": "<b>Discount med holdning</b><br />I REMA 1000 har vi fokus på kvalitet til lave priser og overskriften på vores arbejde er Discount med holdning.<br /> <br />Vi har en klar holdning til alle de varer, vi sælger. Vi stiller ikke kun krav til kvaliteten af vores egne mærkevarer – det er også vigtigt for os, at emballagerne er designet til genanvendelse, at indholdet er uden problematiske stoffer, og at varerne er produceret ansvarligt samt mærket med tydelige og valide certificeringer.<br /><br /><b>Om denne vare</b><br />REMA 1000 skinke i strimler er god på pizza, i en tærte eller i en gryde- eller wokret.<br /><br /><b>Om emballagen</b><br />Denne REMA 1000 skinke i strimler er pakket i 2-rums emballage, der er med til at bekæmpe madspild og samtidig tilbyde friskere produkter. Pakken har to rum, som kan åbnes hver for sig. På denne måde holder maden sig frisk og lækker i længere tid, og du undgår at smide resterne ud.", "info": "", "images": [{"small": "https://rema-product-images.digital.rema1000.dk/412010/1-small-Al90z51no8.webp", "medium": "https://rema-product-images.digital.rema1000.dk/412010/1-medium-Al90z51no8.webp", "large": "https://rema-product-images.digital.rema1000.dk/412010/1-large-Al90z51no8.webp"}], "prices": [{"price": 16.95, "price_over_max_quantity": null, "max_quantity": null, "is_advertised": false, "is_campaign": false, "starting_at": "2023-04-27T00:00:00+00:00", "ending_at": "2099-12-31T00:00:00+00:00", "deposit": null, "compare_unit": "kg", "compare_unit_price": 84.75, "consumption_unit": null, "consumption_quantity": null}], "temperature_zone": "refrigerated_5_degrees_celsius", "is_self_scale_item": false, "is_weight_item": false, "is_available_in_all_stores": true, "is_batch_item": false}
{"id": 412021, "name": "PULLED CHICKEN", "underline": "500 GR. / TULIP, TACO", "age_limit": null, "hazard_precaution_statements": [], "labels": [], "description": null, "info": "", "images": [{"small": "https://rema-product-images.digital.rema1000.dk/412021/1-small-bJ9Y7KKpoL.webp", "medium": "https://rema-product-images.digital.rema1000.dk/412021/1-medium-bJ9Y7KKpoL.webp", "large": "https://rema-product-images.digital.rema1000.dk/412021/1-large-bJ9Y7KKpoL.webp"}], "prices": [{"price": 49.95, "price_over_max_quantity": null, "max_quantity": null, "is_advertised": false, "is_campaign": false, "starting_at": "2024-08-28T00:00:00+00:00", "ending_at": "2025-08-20T00:00:00+00:00", "deposit": null, "compare_unit": "kg", "compare_unit_price": 99.9, "consumption_unit": null, "consumption_quantity": null}, {"price": 51.95, "price_over_max_quantity": null, "max_quantity": null, "is_advertised": false, "is_campaign": false, "starting_at": "2025-08-21T00:00:00+00:00", "ending_at": "2025-09-13T00:00:00+00:00", "deposit": null, "compare_unit": "kg", "compare_unit_price": 103.9, "consumption_unit": null, "consumption_quantity": null}], "temperature_zone": "refrigerated_5_degrees_celsius", "is_self_scale_item": false, "is_weight_item": false, "is_available_in_all_stores": false, "is_batch_item": false}
{"id": 412025, "name": "ITALIENSK SKINKE", "underline": "70 GR. / CASA MODENA, LUFTTØRRET", "age_limit": null, "hazard_precaution_statements": [], "labels": [], "description": null, "info": "", "images": [{"small": "https://rema-product-images.digital.rema1000.dk/412025/1-small-Ea91088jqz.webp", "medium": "https://rema-product-images.digital.rema1000.dk/412025/1-medium-Ea91088jqz.webp", "large": "https://rema-product-images.digital.rema1000.dk/412025/1-large-Ea91088jqz.webp"}], "prices": [{"price": 17.95, "price_over_max_quantity": null, "max_quantity": null, "is_advertised": false, "is_campaign": false, "starting_at": "2023-01-25T00:00:00+00:00", "ending_at": "2025-09-03T00:00:00+00:00", "deposit": null, "compare_unit": "kg", "compare_unit_price": 256.43, "consumption_unit": null, "consumption_quantity": null}], "temperature_zone": "refrigerated_5_degrees_celsius", "is_self_scale_item": false, "is_weight_item": false, "is_available_in_all_stores": true, "is_batch_item": false}
{"id": 412027, "name": "ITALIENSK MORTADELLA", "underline": "120 GR. / CASA MODENA", "age_limit": null, "hazard_precaution_statements": [], "labels": [], "description": null, "info": "", "images": [{"small": "https://rema-product-images.digital.rema1000.dk/412027/1-small-OW9OXkklPg.webp", "medium": "https://rema-product-images.digital.rema1000.dk/412027/1-medium-OW9OXkklPg.webp", "large": "https://rema-product-images.digital.rema1000.dk/412027/1-large-OW9OXkklPg.webp"}], "prices": [{"price": 17.95, "price_over_max_quantity": null, "max_quantity": null, "is_advertised": false, "is_campaign": false, "starting_at": "2023-01-25T00:00:00+00:00", "ending_at": "2025-09-03T00:00:00+00:00", "deposit": null, "compare_unit": "kg", "compare_unit_price": 149.58, "consumption_unit": null, "consumption_quantity": null}], "temperature_zone": "refrigerated_5_degrees_celsius", "is_self_scale_item": false, "is_weight_item": false, "is_available_in_all_stores": false, "is_batch_item": false}
{"id": 412060, "name": "BIERWURST", "underline": "200 GR. / REMA 1000", "age_limit": null, "hazard_precaution_statements": [], "labels": [{"id": 2, "name": "REMA1000", "image": "https://static-assets.digital.rema1000.dk/product/labels/2-64.webp"}], "description": null, "info": "", "images": [{"small": "https://rema-product-images.digital.rema1000.dk/412060/1-small-6xqA8YVWoD.webp", "medium": "https://rema-product-images.digital.rema1000.dk/412060/1-medium-6xqA8YVWoD.webp", "large": "https://rema-product-images.digital.rema1000.dk/412060/1-large-6xqA8YVWoD.webp"}], "prices": [{"price": 14.5, "price_over_max_quantity": null, "max_quantity": null, "is_advertised": false, "is_campaign": false, "starting_at": "2024-08-15T00:00:00+00:00", "ending_at": "2099-12-31T00:00:00+00:00", "deposit": null, "compare_unit": "kg", "compare_unit_price": 72.5, "consumption_unit": null, "consumption_quantity": null}], "temperature_zone": "refrigerated_5_degrees_celsius", "is_self_scale_item": false, "is_weight_item": false, "is_available_in_all_stores": false, "is_batch_item": false}
{"id": 412061, "name": "JAGDWURST", "underline": "200 GR. / REMA 1000", "age_limit": null, "hazard_precaution_statements": [], "labels": [{"id": 2, "name": "REMA1000", "image": "https://static-assets.digital.rema1000.dk/product/labels/2-64.webp"}], "description": null, "info": "", "images": [{"small": "https://rema-product-images.digital.rema1000.dk/412061/1-small-Z8qp7WYlo3.webp", "medium": "https://rema-product-images.digital.rema1000.dk/412061/1-medium-Z8qp7WYlo3.webp", "large": "https://rema-product-images.digital.rema1000.dk/412061/1-large-Z8qp7WYlo3.webp"}], "prices": [{"price": 14.5, "price_over_max_quantity": null, "max_quantity": null, "is_advertised": false, "is_campaign": false, "starting_at": "2023-10-25T00:00:00+00:00", "ending_at": "2099-12-31T00:00:00+00:00", "deposit": null, "compare_unit": "kg", "compare_unit_price": 72.5, "consumption_unit": null, "consumption_quantity": null}], "temperature_zone": "refrigerated_5_degrees_celsius", "is_self_scale_item": false, "is_weight_item": false, "is_available_in_all_stores": false, "is_batch_item": false}
{"id": 412062, "name": "MORTADELLA", "underline": "200 GR. / REMA 1000", "age_limit": null, "hazard_precaution_statements": [], "labels": [{"id": 2, "name": "REMA1000", "image": "https://static-assets.digital.rema1000.dk/product/labels/2-64.webp"}], "description": null, "info": "", "images": [{"small": "https://rema-product-images.digital.rema1000.dk/412062/1-small-2B94W7kYqk.webp", "medium": "https://rema-product-images.digital.rema1000.dk/412062/1-medium-2B94W7kYqk.webp", "large": "https://rema-product-images.digital.rema1000.dk/412062/1-large-2B94W7kYqk.webp"}], "prices": [{"price": 14.5, "price_over_max_quantity": null, "max_quantity": null, "is_advertised": false, "is_campaign": false, "starting_at": "2023-10-25T00:00:00+00:00", "ending_at": "2099-12-31T00:00:00+00:00", "deposit": null, "compare_unit": "kg", "compare_unit_price": 72.5, "consumption_unit": null, "consumption_quantity": null}], "temperature_zone": "refrigerated_5_degrees_celsius", "is_self_scale_item": false, "is_weight_item": false, "is_available_in_all_stores": true, "is_batch_item": false}
{"id": 412123, "name": "SKINKE OG OST SANDWICH", "underline": "180 GR. / M.FULDKORN, REMA 1000", "age_limit": null, "hazard_precaution_statements": [], "labels": [{"id": 2, "name": "REMA1000", "image": "https://static-assets.digital.rema1000.dk/product/labels/2-64.webp"}], "description": null, "info": "", "images": [{"small": "https://rema-product-images.digital.rema1000.dk/412123/1-small-MNqZK0r39A.webp", "medium": "https://rema-product-images.digital.rema1000.dk/412123/1-medium-MNqZK0r39A.webp", "large": "https://rema-product-images.digital.rema1000.dk/412123/1-large-MNqZK0r39A.webp"}], "prices": [{"price": 21.95, "price_over_max_quantity": null, "max_quantity": null, "is_advertised": false, "is_campaign": false, "starting_at": "2024-05-17T00:00:00+00:00", "ending_at": "2099-12-31T00:00:00+00:00", "deposit": null, "compare_unit": "kg", "compare_unit_price": 121.94, "consumption_unit": null, "consumption_quantity": null}], "temperature_zone": "refrigerated_5_degrees_celsius", "is_self_scale_item": false, "is_weight_item": false, "is_available_in_all_stores": false, "is_batch_item": false}
{"id": 412124, "name": "SPICY TUN SANDWICH", "underline": "170 GR. / M. FULDKORN, REMA 1000", "age_limit": null, "hazard_precaution_statements": [], "labels": [{"id": 2, "name": "REMA1000", "image": "https://static-assets.digital.rema1000.dk/product/labels/2-64.webp"}], "description": null, "info": "", "images": [{"small": "https://rema-product-images.digital.rema1000.dk/412124/1-small-vXodYeAxq3.webp", "medium": "https://rema-product-images.digital.rema1000.dk/412124/1-medium-vXodYeAxq3.webp", "large": "https://rema-product-images.digital.rema1000.dk/412124/1-large-vXodYeAxq3.webp"}], "prices": [{"price": 21.95, "price_over_max_quantity": null, "max_quantity": null, "is_advertised": false, "is_campaign": false, "starting_at": "2024-05-17T00:00:00+00:00", "ending_at": "2099-12-31T00:00:00+00:00", "deposit": null, "compare_unit": "kg", "compare_unit_price": 129.12, "consumption_unit": null, "consumption_quantity": null}], "temperature_zone": "refrigerated_5_degrees_celsius", "is_self_scale_item": false, "is_weight_item": false, "is_available_in_all_stores": false, "is_batch_item": false}
{"id": 412125, "name": "SKINKE & OST", "underline": "150 GR. / RUGBRØDSSW, REMA 1000", "age_limit": null, "hazard_precaution_statements": [], "labels": [{"id": 2, "name": "REMA1000", "image": "https://static-assets.digital.rema1000.dk/product/labels/2-64.webp"}], "description": null, "info": "", "images": [{"small": "https://rema-product-images.digital.rema1000.dk/412125/1-small-Ea9108M4qz.webp", "medium": "https://rema-product-images.digital.rema1000.dk/412125/1-medium-Ea9108M4qz.webp", "large": "https://rema-product-images.digital.rema1000.dk/412125/1-large-Ea9108M4qz.webp"}], "prices": [{"price": 21.95, "price_over_max_quantity": null, "max_quantity": null, "is_advertised": false, "is_campaign": false, "starting_at": "2024-05-17T00:00:00+00:00", "ending_at": "2025-09-06T00:00:00+00:00", "deposit": null, "compare_unit": "kg", "compare_unit_price": 146.33, "consumption_unit": null, "consumption_quantity": null}], "temperature_zone": "refrigerated_5_degrees_celsius", "is_self_scale_item": false, "is_weight_item": false, "is_available_in_all_stores": true, "is_batch_item": false}
{"id": 412126, "name": "KYLLING & KARRY", "underline": "160 GR. / RUGBRØDSSW, REMA 1000", "age_limit": null, "hazard_precaution_statements": [], "labels": [{"id": 2, "name": "REMA1000", "image": "https://static-assets.digital.rema1000.dk/product/labels/2-64.webp"}], "description": null, "info": "", "images": [{"small": "https://rema-product-images.digital.rema1000.dk/412126/1-small-kOq3rg8Vo6.webp", "medium": "https://rema-product-images.digital.rema1000.dk/412126/1-medium-kOq3rg8Vo6.webp", "large": "https://rema-product-images.digital.rema1000.dk/412126/1-large-kOq3rg8Vo6.webp"}], "prices": [{"price": 21.95, "price_over_max_quantity": null, "max_quantity": null, "is_advertised": false, "is_campaign": false, "starting_at": "2024-05-17T00:00:00+00:00", "ending_at": "2025-09-06T00:00:00+00:00", "deposit": null, "compare_unit": "kg", "compare_unit_price": 137.19, "consumption_unit": null, "consumption_quantity": null}], "temperature_zone": "refrigerated_5_degrees_celsius", "is_self_scale_item": false, "is_weight_item": false, "is_available_in_all_stores": true, "is_batch_item": false}
{"id": 412142, "name": "KØDPØLSE MED BACON", "underline": "400 GR. / CARL VOLLSTEDT", "age_limit": null, "hazard_precaution_statements": [], "labels": [], "description": null, "info": "", "images": [{"small": "https://rema-product-images.digital.rema1000.dk/412142/1-small-A4Py3EJJqL.webp", "medium": "https://rema-product-images.digital.rema1000.dk/412142/1-medium-A4Py3EJJqL.webp", "large": "https://rema-product-images.digital.rema1000.dk/412142/1-large-A4Py3EJJqL.webp"}], "prices": [{"price": 24.95, "price_over_max_quantity": null, "max_quantity": null, "is_advertised": false, "is_campaign": false, "starting_at": "2025-02-18T00:00:00+00:00", "ending_at": "2025-09-13T00:00:00+00:00", "deposit": null, "compare_unit": "kg", "compare_unit_price": 62.38, "consumption_unit": null, "consumption_quantity": null}], "temperature_zone": "refrigerated_5_degrees_celsius", "is_self_scale_item": false, "is_weight_item": false, "is_available_in_all_stores": false, "is_batch_item": false}
{"id": 412211, "name": "SKINKESTRIMLER", "underline": "100 GR. / TICAN", "age_limit": null, "hazard_precaution_statements": [], "labels": [{"id": 9001, "name": "Avisvare", "image": "https://static-assets.digital.rema1000.dk/product/labels/9001-64.webp"}, {"id": 40, "name": "Nøglehul", "image": "https://static-assets.digital.rema1000.dk/product/labels/40-64.webp"}], "description": null, "info": "", "images": [{"small": "https://rema-product-images.digital.rema1000.dk/412211/1-small-A5qV8rG3Pa.webp", "medium": "https://rema-product-images.digital.rema1000.dk/412211/1-medium-A5qV8rG3Pa.webp", "large": "https://rema-product-images.digital.rema1000.dk/412211/1-large-A5qV8rG3Pa.webp"}], "prices": [{"price": 5, "price_over_max_quantity": null, "max_quantity": null, "is_advertised": true, "is_campaign": false, "starting_at": "2025-08-17T00:00:00+00:00", "ending_at": "2025-11-15T00:00:00+00:00", "deposit": null, "compare_unit": "kg", "compare_unit_price": 50, "consumption_unit": null, "consumption_quantity": null}], "temperature_zone": "refrigerated_5_degrees_celsius", "is_self_scale_item": false, "is_weight_item": false, "is_available_in_all_stores": true, "is_batch_item": true}
{"id": 412212, "name": "KYLLINGE KEBAB", "underline": "80 GR. / TICAN", "age_limit": null, "hazard_precaution_statements": [], "labels": [{"id": 9001, "name": "Avisvare", "image": "https://static-assets.digital.rema1000.dk/product/labels/9001-64.webp"}, {"id": 40, "name": "Nøglehul", "image": "https://static-assets.digital.rema1000.dk/product/labels/40-64.webp"}], "description": null, "info": "", "images": [{"small": "https://rema-product-images.digital.rema1000.dk/412212/1-small-18oXK7LOPk.webp", "medium": "https://rema-product-images.digital.rema1000.dk/412212/1-medium-18oXK7LOPk.webp", "large": "https://rema-product-images.digital.rema1000.dk/412212/1-large-18oXK7LOPk.webp"}], "prices": [{"price": 5, "price_over_max_quantity": null, "max_quantity": null, "is_advertised": true, "is_campaign": false, "starting_at": "2025-08-17T00:00:00+00:00", "ending_at": "2025-11-15T00:00:00+00:00", "deposit": null, "compare_unit": "kg", "compare_unit_price": 62.5, "consumption_unit": null, "consumption_quantity": null}], "temperature_zone": "refrigerated_5_degrees_celsius", "is_self_scale_item": false, "is_weight_item": false, "is_available_in_all_stores": true, "is_batch_item": true}
{"id": 412321, "name": "TAGLIOLINI NATUREL", "underline": "250 GR. / PASTA DI MARIA", "age_limit": null, "hazard_precaution_statements": [], "labels": [], "description": null, "info": "", "images": [{"small": "https://rema-product-images.digital.rema1000.dk/412321/1-small-bJ9Y7KGvoL.webp", "medium": "https://rema-product-images.digital.rema1000.dk/412321/1-medium-bJ9Y7KGvoL.webp", "large": "https://rema-product-images.digital.rema1000.dk/412321/1-large-bJ9Y7KGvoL.webp"}], "prices": [{"price": 9.95, "price_over_max_quantity": null, "max_quantity": null, "is_advertised": false, "is_campaign": false, "starting_at": "2022-10-20T00:00:00+00:00", "ending_at": "2025-09-17T00:00:00+00:00", "deposit": null, "compare_unit": "kg", "compare_unit_price": 39.8, "consumption_unit": null, "consumption_quantity": null}], "temperature_zone": "refrigerated_5_degrees_celsius", "is_self_scale_item": false, "is_weight_item": false, "is_available_in_all_stores": true, "is_batch_item": false}
{"id": 412322, "name": "FETTUCCINE SPINAT", "underline": "250 GR. / PASTA DI MARIA", "age_limit": null, "hazard_precaution_statements": [], "labels": [], "description": null, "info": "", "images": [{"small": "https://rema-product-images.digital.rema1000.dk/412322/1-small-pyozbE11oX.webp", "medium": "https://rema-product-images.digital.rema1000.dk/412322/1-medium-pyozbE11oX.webp", "large": "https://rema-product-images.digital.rema1000.dk/412322/1-large-pyozbE11oX.webp"}], "prices": [{"price": 9.95, "price_over_max_quantity": null, "max_quantity": null, "is_advertised": false, "is_campaign": false, "starting_at": "2022-10-20T00:00:00+00:00", "ending_at": "2025-09-17T00:00:00+00:00", "deposit": null, "compare_unit": "kg", "compare_unit_price": 39.8, "consumption_unit": null, "consumption_quantity": null}], "temperature_zone": "refrigerated_5_degrees_celsius", "is_self_scale_item": false, "is_weight_item": false, "is_available_in_all_stores": true, "is_batch_item": false}
{"id": 412350, "name": "FYLDT PASTA", "underline": "200 GR. / MED SVAMPE", "age_limit": null, "hazard_precaution_statements": [], "labels": [], "description": null, "info": "", "images": [{"small": "https://rema-product-images.digital.rema1000.dk/412350/1-small-vVor0Gbv93.webp", "medium": "https://rema-product-images.digital.rema1000.dk/412350/1-medium-vVor0Gbv93.webp", "large": "https://rema-product-images.digital.rema1000.dk/412350/1-large-vVor0Gbv93.webp"}], "prices": [{"price": 13.95, "price_over_max_quantity": null, "max_quantity": null, "is_advertised": false, "is_campaign": false, "starting_at": "2023-03-20T00:00:00+00:00", "ending_at": "2025-08-23T00:00:00+00:00", "deposit": null, "compare_unit": "kg", "compare_unit_price": 69.75, "consumption_unit": null, "consumption_quantity": null}], "temperature_zone": "refrigerated_5_degrees_celsius", "is_self_scale_item": false, "is_weight_item": false, "is_available_in_all_stores": false, "is_batch_item": false}
{"id": 412365, "name": "FULDKORNS TAGLIOLINI", "underline": "250 GR. / ØKO. PASTA DI MARIA", "age_limit": null, "hazard_precaution_statements": [], "labels": [{"id": 5, "name": "Økologi", "image": "https://static-assets.digital.rema1000.dk/product/labels/5-64.webp"}, {"id": 40, "name": "Nøglehul", "image": "https://static-assets.digital.rema1000.dk/product/labels/40-64.webp"}, {"id": 43, "name": "Fuldkorn", "image": "https://static-assets.digital.rema1000.dk/product/labels/43-64.webp"}], "description": null, "info": "", "images": [{"small": "https://rema-product-images.digital.rema1000.dk/412365/1-small-bJ9Y7KrvoL.webp", "medium": "https://rema-product-images.digital.rema1000.dk/412365/1-medium-bJ9Y7KrvoL.webp", "large": "https://rema-product-images.digital.rema1000.dk/412365/1-large-bJ9Y7KrvoL.webp"}], "prices": [{"price": 12.95, "price_over_max_quantity": null, "max_quantity": null, "is_advertised": false, "is_campaign": false, "starting_at": "2023-09-21T00:00:00+00:00", "ending_at": "2099-12-31T00:00:00+00:00", "deposit": null, "compare_unit": "kg", "compare_unit_price": 51.8, "consumption_unit": null, "consumption_quantity": null}], "temperature_zone": "refrigerated_5_degrees_celsius", "is_self_scale_item": false, "is_weight_item": false, "is_available_in_all_stores": true, "is_batch_item": false}
{"id": 412370, "name": "GNOCCHI", "underline": "500 GR. / DI MARIA", "age_limit": null, "hazard_precaution_statements": [], "labels": [], "description": null, "info": "", "images": [{"small": "https://rema-product-images.digital.rema1000.dk/412370/1-small-kOq3rGE3o6.webp", "medium": "https://rema-product-images.digital.rema1000.dk/412370/1-medium-kOq3rGE3o6.webp", "large": "https://rema-product-images.digital.rema1000.dk/412370/1-large-kOq3rGE3o6.webp"}], "prices": [{"price": 18.95, "price_over_max_quantity": null, "max_quantity": null, "is_advertised": false, "is_campaign": false, "starting_at": "2024-05-28T00:00:00+00:00", "ending_at": "2099-12-31T00:00:00+00:00", "deposit": null, "compare_unit": "kg", "compare_unit_price": 37.9, "consumption_unit": null, "consumption_quantity": null}], "temperature_zone": "refrigerated_5_degrees_celsius", "is_self_scale_item": false, "is_weight_item": false, "is_available_in_all_stores": false, "is_batch_item": false}
{"id": 412371, "name": "TORTELLINI", "underline": "250 GR. / M/BACON, SKINKE & OST, PASTA DI MARIA", "age_limit": null, "hazard_precaution_statements": [], "labels": [], "description": null, "info": "", "images": [{"small": "https://rema-product-images.digital.rema1000.dk/412371/1-small-OW9OX1MRPg.webp", "medium": "https://rema-product-images.digital.rema1000.dk/412371/1-medium-OW9OX1MRPg.webp", "large": "https://rema-product-images.digital.rema1000.dk/412371/1-large-OW9OX1MRPg.webp"}], "prices": [{"price": 12.95, "price_over_max_quantity": null, "max_quantity": null, "is_advertised": false, "is_campaign": false, "starting_at": "2022-10-20T00:00:00+00:00", "ending_at": "2025-08-23T00:00:00+00:00", "deposit": null, "compare_unit": "kg", "compare_unit_price": 51.8, "consumption_unit": null, "consumption_quantity": null}], "temperature_zone": "refrigerated_5_degrees_celsius", "is_self_scale_item": false, "is_weight_item": false, "is_available_in_all_stores": true, "is_batch_item": false}
{"id": 412374, "name": "LASAGNEPLADER", "underline": "250 GR. / PASTA DI MARIA", "age_limit": null, "hazard_precaution_statements": [], "labels": [], "description": null, "info": "", "images": [{"small": "https://rema-product-images.digital.rema1000.dk/412374/1-small-869DjvWBoM.webp", "medium": "https://rema-product-images.digital.rema1000.dk/412374/1-medium-869DjvWBoM.webp", "large": "https://rema-product-images.digital.rema1000.dk/412374/1-large-869DjvWBoM.webp"}], "prices": [{"price": 13.95, "price_over_max_quantity": null, "max_quantity": null, "is_advertised": false, "is_campaign": false, "starting_at": "2023-09-21T00:00:00+00:00", "ending_at": "2025-08-23T00:00:00+00:00", "deposit": null, "compare_unit": "kg", "compare_unit_price": 55.8, "consumption_unit": null, "consumption_quantity": null}], "temperature_zone": "refrigerated_5_degrees_celsius", "is_self_scale_item": false, "is_weight_item": false, "is_available_in_all_stores": false, "is_batch_item": false}
{"id": 412375, "name": "FETTUCCINE NATUREL", "underline": "500 GR. / PASTA DI MARIA", "age_limit": null, "hazard_precaution_statements": [], "labels": [{"id": 9001, "name": "Avisvare", "image": "https://static-assets.digital.rema1000.dk/product/labels/9001-64.webp"}], "description": null, "info": "", "images": [{"small": "https://rema-product-images.digital.rema1000.dk/412375/1-small-01q2DjWbP7.webp", "medium": "https://rema-product-images.digital.rema1000.dk/412375/1-medium-01q2DjWbP7.webp", "large": "https://rema-product-images.digital.rema1000.dk/412375/1-large-01q2DjWbP7.webp"}], "prices": [{"price": 10, "price_over_max_quantity": null, "max_quantity": null, "is_advertised": true, "is_campaign": true, "starting_at": "2025-08-17T00:00:00+00:00", "ending_at": "2025-08-23T00:00:00+00:00", "deposit": null, "compare_unit": "kg", "compare_unit_price": 20, "consumption_unit": null, "consumption_quantity": null}, {"price": 13.5, "price_over_max_quantity": null, "max_quantity": null, "is_advertised": false, "is_campaign": false, "starting_at": "2025-08-24T00:00:00+00:00", "ending_at": "2099-12-31T00:00:00+00:00", "deposit": null, "compare_unit": "kg", "compare_unit_price": 27, "consumption_unit": null, "consumption_quantity": null}], "temperature_zone": "refrigerated_5_degrees_celsius", "is_self_scale_item": false, "is_weight_item": false, "is_available_in_all_stores": true, "is_batch_item": false}
{"id": 412380, "name": "TÆRTEDEJ", "underline": "275 GR. / HUMLUM", "age_limit": null, "hazard_precaution_statements": [], "labels": [{"id": 70, "name": "Dansk", "image": "https://static-assets.digital.rema1000.dk/product/labels/70-64.webp"}], "description": null, "info": "", "images": [{"small": "https://rema-product-images.digital.rema1000.dk/412380/1-small-7doLrzjp96.webp", "medium": "https://rema-product-images.digital.rema1000.dk/412380/1-medium-7doLrzjp96.webp", "large": "https://rema-product-images.digital.rema1000.dk/412380/1-large-7doLrzjp96.webp"}], "prices": [{"price": 11.95, "price_over_max_quantity": null, "max_quantity": null, "is_advertised": false, "is_campaign": false, "starting_at": "2023-10-05T00:00:00+00:00", "ending_at": "2099-12-31T00:00:00+00:00", "deposit": null, "compare_unit": "kg", "compare_unit_price": 43.45, "consumption_unit": null, "consumption_quantity": null}], "temperature_zone": "refrigerated_5_degrees_celsius", "is_self_scale_item": false, "is_weight_item": false, "is_available_in_all_stores": false, "is_batch_item": false}
{"id": 412383, "name": "GLUTENFRI PIZZADEJ", "underline": "260 GR.", "age_limit": null, "hazard_precaution_statements": [], "labels": [{"id": 38, "name": "Gluten fri", "image": "https://static-assets.digital.rema1000.dk/product/labels/38-64.webp"}], "description": null, "info": "", "images": [{"small": "https://rema-product-images.digital.rema1000.dk/412383/1-small-zOPlyp5JoR.webp", "medium": "https://rema-product-images.digital.rema1000.dk/412383/1-medium-zOPlyp5JoR.webp", "large": "https://rema-product-images.digital.rema1000.dk/412383/1-large-zOPlyp5JoR.webp"}], "prices": [{"price": 19.95, "price_over_max_quantity": null, "max_quantity": null, "is_advertised": false, "is_campaign": false, "starting_at": "2022-10-27T00:00:00+00:00", "ending_at": "2099-12-31T00:00:00+00:00", "deposit": null, "compare_unit": "kg", "compare_unit_price": 76.73, "consumption_unit": null, "consumption_quantity": null}], "temperature_zone": "refrigerated_5_degrees_celsius", "is_self_scale_item": false, "is_weight_item": false, "is_available_in_all_stores": false, "is_batch_item": false}
{"id": 412385, "name": "FULDKORN PIZZADEJ", "underline": "400 GR. / HUMLUM", "age_limit": null, "hazard_precaution_statements": [], "labels": [{"id": 40, "name": "Nøglehul", "image": "https://static-assets.digital.rema1000.dk/product/labels/40-64.webp"}, {"id": 70, "name": "Dansk", "image": "https://static-assets.digital.rema1000.dk/product/labels/70-64.webp"}], "description": null, "info": "", "images": [{"small": "https://rema-product-images.digital.rema1000.dk/412385/1-small-we9EaR079g.webp", "medium": "https://rema-product-images.digital.rema1000.dk/412385/1-medium-we9EaR079g.webp", "large": "https://rema-product-images.digital.rema1000.dk/412385/1-large-we9EaR079g.webp"}], "prices": [{"price": 13.95, "price_over_max_quantity": null, "max_quantity": null, "is_advertised": false, "is_campaign": false, "starting_at": "2023-10-05T00:00:00+00:00", "ending_at": "2099-12-31T00:00:00+00:00", "deposit": null, "compare_unit": "kg", "compare_unit_price": 34.88, "consumption_unit": null, "consumption_quantity": null}], "temperature_zone": "refrigerated_5_degrees_celsius", "is_self_scale_item": false, "is_weight_item": false, "is_available_in_all_stores": true, "is_batch_item": false}
{"id": 412386, "name": "BUTTERDEJ", "underline": "275 GR. / HUMLUM", "age_limit": null, "hazard_precaution_statements": [], "labels": [{"id": 70, "name": "Dansk", "image": "https://static-assets.digital.rema1000.dk/product/labels/70-64.webp"}], "description": null, "info": "", "images": [{"small": "https://rema-product-images.digital.rema1000.dk/412386/1-small-A4Py3DMnqL.webp", "medium": "https://rema-product-images.digital.rema1000.dk/412386/1-medium-A4Py3DMnqL.webp", "large": "https://rema-product-images.digital.rema1000.dk/412386/1-large-A4Py3DMnqL.webp"}], "prices": [{"price": 11.95, "price_over_max_quantity": null, "max_quantity": null, "is_advertised": false, "is_campaign": false, "starting_at": "2023-10-05T00:00:00+00:00", "ending_at": "2099-12-31T00:00:00+00:00", "deposit": null, "compare_unit": "kg", "compare_unit_price": 43.45, "consumption_unit": null, "consumption_quantity": null}], "temperature_zone": "refrigerated_5_degrees_celsius", "is_self_scale_item": false, "is_weight_item": false, "is_available_in_all_stores": false, "is_batch_item": false}
{"id": 412387, "name": "FULDKORN TÆRTEDEJ", "underline": "275 GR. / HUMLUM", "age_limit": null, "hazard_precaution_statements": [], "labels": [{"id": 70, "name": "Dansk", "image": "https://static-assets.digital.rema1000.dk/product/labels/70-64.webp"}], "description": null, "info": "", "images": [{"small": "https://rema-product-images.digital.rema1000.dk/412387/1-small-dyomV4EDqV.webp", "medium": "https://rema-product-images.digital.rema1000.dk/412387/1-medium-dyomV4EDqV.webp", "large": "https://rema-product-images.digital.rema1000.dk/412387/1-large-dyomV4EDqV.webp"}], "prices": [{"price": 11.95, "price_over_max_quantity": null, "max_quantity": null, "is_advertised": false, "is_campaign": false, "starting_at": "2023-10-05T00:00:00+00:00", "ending_at": "2099-12-31T00:00:00+00:00", "deposit": null, "compare_unit": "kg", "compare_unit_price": 43.45, "consumption_unit": null, "consumption_quantity": null}], "temperature_zone": "refrigerated_5_degrees_celsius", "is_self_scale_item": false, "is_weight_item": false, "is_available_in_all_stores": false, "is_batch_item": false}
{"id": 412390, "name": "PØLSEHORNSDEJ", "underline": "325 GR. / HUMLUM", "age_limit": null, "hazard_precaution_statements": [], "labels": [{"id": 70, "name": "Dansk", "image": "https://static-assets.digital.rema1000.dk/product/labels/70-64.webp"}], "description": null, "info": "", "images": [{"small": "https://rema-product-images.digital.rema1000.dk/412390/1-small-kAonr6v5ox.webp", "medium": "https://rema-product-images.digital.rema1000.dk/412390/1-medium-kAonr6v5ox.webp", "large": "https://rema-product-images.digital.rema1000.dk/412390/1-large-kAonr6v5ox.webp"}], "prices": [{"price": 11.95, "price_over_max_quantity": null, "max_quantity": null, "is_advertised": false, "is_campaign": false, "starting_at": "2023-10-05T00:00:00+00:00", "ending_at": "2099-12-31T00:00:00+00:00", "deposit": null, "compare_unit": "kg", "compare_unit_price": 36.77, "consumption_unit": null, "consumption_quantity": null}], "temperature_zone": "refrigerated_5_degrees_celsius", "is_self_scale_item": false, "is_weight_item": false, "is_available_in_all_stores": false, "is_batch_item": false}
{"id": 412391, "name": "PIZZADEJ", "underline": "400 GR. / HUMLUM", "age_limit": null, "hazard_precaution_statements": [], "labels": [{"id": 70, "name": "Dansk", "image": "https://static-assets.digital.rema1000.dk/product/labels/70-64.webp"}], "description": null, "info": "", "images": [{"small": "https://rema-product-images.digital.rema1000.dk/412391/1-small-3MoMLZ8yP5.webp", "medium": "https://rema-product-images.digital.rema1000.dk/412391/1-medium-3MoMLZ8yP5.webp", "large": "https://rema-product-images.digital.rema1000.dk/412391/1-large-3MoMLZ8yP5.webp"}], "prices": [{"price": 10.95, "price_over_max_quantity": null, "max_quantity": null, "is_advertised": false, "is_campaign": false, "starting_at": "2022-07-07T00:00:00+00:00", "ending_at": "2099-12-31T00:00:00+00:00", "deposit": null, "compare_unit": "kg", "compare_unit_price": 27.38, "consumption_unit": null, "consumption_quantity": null}], "temperature_zone": "refrigerated_5_degrees_celsius", "is_self_scale_item": false, "is_weight_item": false, "is_available_in_all_stores": true, "is_batch_item": false}
{"id": 412411, "name": "RØGET MAKREL", "underline": "150 GR. / M/PEBER, HIRTSHALS RØGERI", "age_limit": null, "hazard_precaution_statements": [], "labels": [{"id": 2, "name": "REMA1000", "image": "https://static-assets.digital.rema1000.dk/product/labels/2-64.webp"}, {"id": 40, "name": "Nøglehul", "image": "https://static-assets.digital.rema1000.dk/product/labels/40-64.webp"}], "description": "<b>Discount med holdning</b><br />I REMA 1000 har vi fokus på kvalitet til lave priser og overskriften på vores arbejde er Discount med holdning.<br /> <br />Vi har en klar holdning til alle de varer, vi sælger. Vi stiller ikke kun krav til kvaliteten af vores egne mærkevarer – det er også vigtigt for os, at emballagerne er designet til genanvendelse, at indholdet er uden problematiske stoffer, og at varerne er produceret ansvarligt samt mærket med tydelige og valide certificeringer.<br /><br /><b>Om denne vare</b><br />REMA 1000 varmrøget makrel med peber er god til det klassiske danske frokostbord. Fx på et godt stykke rugbrød toppet med lidt mayonnaise og avocado eller som tilbehør til en sprød salat.", "info": "", "images": [{"small": "https://rema-product-images.digital.rema1000.dk/412411/1-small-A5qV8WgwPa.webp", "medium": "https://rema-product-images.digital.rema1000.dk/412411/1-medium-A5qV8WgwPa.webp", "large": "https://rema-product-images.digital.rema1000.dk/412411/1-large-A5qV8WgwPa.webp"}], "prices": [{"price": 24.95, "price_over_max_quantity": null, "max_quantity": null, "is_advertised": false, "is_campaign": false, "starting_at": "2025-01-30T00:00:00+00:00", "ending_at": "2099-12-31T00:00:00+00:00", "deposit": null, "compare_unit": "kg", "compare_unit_price": 166.33, "consumption_unit": null, "consumption_quantity": null}], "temperature_zone": "refrigerated_5_degrees_celsius", "is_self_scale_item": false, "is_weight_item": false, "is_available_in_all_stores": false, "is_batch_item": false}
{"id": 412418, "name": "RØGET LAKS", "underline": "100 GR. / REMA 1000", "age_limit": null, "hazard_precaution_statements": [], "labels": [{"id": 2, "name": "REMA1000", "image": "https://static-assets.digital.rema1000.dk/product/labels/2-64.webp"}, {"id": 45, "name": "ASC", "image": "https://static-assets.digital.rema1000.dk/product/labels/45-64.webp"}], "description": null, "info": "Handelsbetegnelse: Norsk Laks (Salmo Salar)\nProduktionsmetode: Aquakultur/opdræt\nFangstområde: Norge", "images": [{"small": "https://rema-product-images.digital.rema1000.dk/412418/1-small-2B94Wk3Mqk.webp", "medium": "https://rema-product-images.digital.rema1000.dk/412418/1-medium-2B94Wk3Mqk.webp", "large": "https://rema-product-images.digital.rema1000.dk/412418/1-large-2B94Wk3Mqk.webp"}], "prices": [{"price": 35.95, "price_over_max_quantity": null, "max_quantity": null, "is_advertised": false, "is_campaign": false, "starting_at": "2025-01-23T00:00:00+00:00", "ending_at": "2099-12-31T00:00:00+00:00", "deposit": null, "compare_unit": "kg", "compare_unit_price": 359.5, "consumption_unit": null, "consumption_quantity": null}], "temperature_zone": "refrigerated_5_degrees_celsius", "is_self_scale_item": false, "is_weight_item": false, "is_available_in_all_stores": true, "is_batch_item": false}
{"id": 412419, "name": "GRAVAD LAKS", "underline": "100 GR. / REMA 1000", "age_limit": null, "hazard_precaution_statements": [], "labels": [{"id": 2, "name": "REMA1000", "image": "https://static-assets.digital.rema1000.dk/product/labels/2-64.webp"}, {"id": 40, "name": "Nøglehul", "image": "https://static-assets.digital.rema1000.dk/product/labels/40-64.webp"}, {"id": 45, "name": "ASC", "image": "https://static-assets.digital.rema1000.dk/product/labels/45-64.webp"}], "description": null, "info": "Handelsbetegnelse: Norsk Laks (Salmo Salar)\nProduktionsmetode: Opdræt\nFangstområde: Norge", "images": [{"small": "https://rema-product-images.digital.rema1000.dk/412419/1-small-rDq6pwDjPb.webp", "medium": "https://rema-product-images.digital.rema1000.dk/412419/1-medium-rDq6pwDjPb.webp", "large": "https://rema-product-images.digital.rema1000.dk/412419/1-large-rDq6pwDjPb.webp"}], "prices": [{"price": 35.95, "price_over_max_quantity": null, "max_quantity": null, "is_advertised": false, "is_campaign": false, "starting_at": "2025-01-23T00:00:00+00:00", "ending_at": "2099-12-31T00:00:00+00:00", "deposit": null, "compare_unit": "kg", "compare_unit_price": 359.5, "consumption_unit": null, "consumption_quantity": null}], "temperature_zone": "refrigerated_5_degrees_celsius", "is_self_scale_item": false, "is_weight_item": false, "is_available_in_all_stores": true, "is_batch_item": false}
{"id": 412437, "name": "DRESSING", "underline": "250 ML. / KARTOFFELSALAT", "age_limit": null, "hazard_precaution_statements": [], "labels": [], "description": null, "info": "", "images": [{"small": "https://rema-product-images.digital.rema1000.dk/412437/1-small-JzPJgenYok.webp", "medium": "https://rema-product-images.digital.rema1000.dk/412437/1-medium-JzPJgenYok.webp", "large": "https://rema-product-images.digital.rema1000.dk/412437/1-large-JzPJgenYok.webp"}], "prices": [{"price": 11.95, "price_over_max_quantity": null, "max_quantity": null, "is_advertised": false, "is_campaign": false, "starting_at": "2022-06-30T00:00:00+00:00", "ending_at": "2099-12-31T00:00:00+00:00", "deposit": null, "compare_unit": "ltr", "compare_unit_price": 47.8, "consumption_unit": null, "consumption_quantity": null}], "temperature_zone": "refrigerated_5_degrees_celsius", "is_self_scale_item": false, "is_weight_item": false, "is_available_in_all_stores": false, "is_batch_item": false}
{"id": 412445, "name": "DILDDRESSING", "underline": "300 GR. / REMA 1000", "age_limit": null, "hazard_precaution_statements": [], "labels": [{"id": 2, "name": "REMA1000", "image": "https://static-assets.digital.rema1000.dk/product/labels/2-64.webp"}], "description": "<b>Discount med holdning</b><br />I REMA 1000 har vi fokus på kvalitet til lave priser og overskriften på vores arbejde er Discount med holdning.<br /> <br />Vi har en klar holdning til alle de varer, vi sælger. Vi stiller ikke kun krav til kvaliteten af vores egne mærkevarer – det er også vigtigt for os, at emballagerne er designet til genanvendelse, at indholdet er uden problematiske stoffer, og at varerne er produceret ansvarligt samt mærket med tydelige og valide certificeringer.<br /><br /><b>Om denne vare</b><br />REMA 1000 dilddressing er god til det klassiske danske frokostbord. Fx på en klassisk dansk laksemad.", "info": "", "images": [{"small": "https://rema-product-images.digital.rema1000.dk/412445/1-small-ElPBrX1JPk.webp", "medium": "https://rema-product-images.digital.rema1000.dk/412445/1-medium-ElPBrX1JPk.webp", "large": "https://rema-product-images.digital.rema1000.dk/412445/1-large-ElPBrX1JPk.webp"}], "prices": [{"price": 11.5, "price_over_max_quantity": null, "max_quantity": null, "is_advertised": false, "is_campaign": false, "starting_at": "2023-01-26T00:00:00+00:00", "ending_at": "2099-12-31T00:00:00+00:00", "deposit": null, "compare_unit": "kg", "compare_unit_price": 38.33, "consumption_unit": null, "consumption_quantity": null}], "temperature_zone": "refrigerated_5_degrees_celsius", "is_self_scale_item": false, "is_weight_item": false, "is_available_in_all_stores": true, "is_batch_item": false}
{"id": 412453, "name": "ØRREDRESTER", "underline": "100 GR. / RØGEDE", "age_limit": null, "hazard_precaution_statements": [], "labels": [{"id": 45, "name": "ASC", "image": "https://static-assets.digital.rema1000.dk/product/labels/45-64.webp"}], "description": null, "info": "", "images": [{"small": "https://rema-product-images.digital.rema1000.dk/412453/1-small-aboK1m8w9p.webp", "medium": "https://rema-product-images.digital.rema1000.dk/412453/1-medium-aboK1m8w9p.webp", "large": "https://rema-product-images.digital.rema1000.dk/412453/1-large-aboK1m8w9p.webp"}], "prices": [{"price": 17.95, "price_over_max_quantity": null, "max_quantity": null, "is_advertised": false, "is_campaign": false, "starting_at": "2022-11-10T00:00:00+00:00", "ending_at": "2099-12-31T00:00:00+00:00", "deposit": null, "compare_unit": "kg", "compare_unit_price": 179.5, "consumption_unit": null, "consumption_quantity": null}], "temperature_zone": "refrigerated_5_degrees_celsius", "is_self_scale_item": false, "is_weight_item": false, "is_available_in_all_stores": true, "is_batch_item": false}
{"id": 412455, "name": "VARMRØGET LAKS", "underline": "125 GR. / M/PEBER, REMA 1000", "age_limit": null, "hazard_precaution_statements": [], "labels": [{"id": 2, "name": "REMA1000", "image": "https://static-assets.digital.rema1000.dk/product/labels/2-64.webp"}, {"id": 40, "name": "Nøglehul", "image": "https://static-assets.digital.rema1000.dk/product/labels/40-64.webp"}, {"id": 45, "name": "ASC", "image": "https://static-assets.digital.rema1000.dk/product/labels/45-64.webp"}], "description": "<b>Discount med holdning</b><br />I REMA 1000 har vi fokus på kvalitet til lave priser og overskriften på vores arbejde er Discount med holdning.<br /> <br />Vi har en klar holdning til alle de varer, vi sælger. Vi stiller ikke kun krav til kvaliteten af vores egne mærkevarer – det er også vigtigt for os, at emballagerne er designet til genanvendelse, at indholdet er uden problematiske stoffer, og at varerne er produceret ansvarligt samt mærket med tydelige og valide certificeringer.<br /><br /><b>Om denne vare</b><br />REMA 1000 varmrøget laks med peber er god til det klassiske danske frokostbord. Fx på et godt stykke rugbrød toppet med lidt mayonnaise og avocado eller som tilbehør til en sprød salat.", "info": "Handelsbetegnelse: Salmo salar (Laks; atlantisk laks: østersølaks )\nProduktionsmetode: Akvakultur", "images": [{"small": "https://rema-product-images.digital.rema1000.dk/412455/1-small-A5qV8WzwPa.webp", "medium": "https://rema-product-images.digital.rema1000.dk/412455/1-medium-A5qV8WzwPa.webp", "large": "https://rema-product-images.digital.rema1000.dk/412455/1-large-A5qV8WzwPa.webp"}], "prices": [{"price": 39.95, "price_over_max_quantity": null, "max_quantity": null, "is_advertised": false, "is_campaign": false, "starting_at": "2024-07-04T00:00:00+00:00", "ending_at": "2099-12-31T00:00:00+00:00", "deposit": null, "compare_unit": "kg", "compare_unit_price": 319.6, "consumption_unit": null, "consumption_quantity": null}], "temperature_zone": "refrigerated_5_degrees_celsius", "is_self_scale_item": false, "is_weight_item": false, "is_available_in_all_stores": true, "is_batch_item": false}
{"id": 412462, "name": "RØGET DANSK ØRRED", "underline": "100 GR. / I SKIVER, MUSHOLM", "age_limit": null, "hazard_precaution_statements": [], "labels": [{"id": 40, "name": "Nøglehul", "image": "https://static-assets.digital.rema1000.dk/product/labels/40-64.webp"}, {"id": 45, "name": "ASC", "image": "https://static-assets.digital.rema1000.dk/product/labels/45-64.webp"}, {"id": 70, "name": "Dansk", "image": "https://static-assets.digital.rema1000.dk/product/labels/70-64.webp"}], "description": null, "info": "Handelsbetegnelse: Ørred (Oncorhynchus mykiss)\nProduktionsmetode: Aquakultur/opdræt\nFangstområde: Danmark", "images": [{"small": "https://rema-product-images.digital.rema1000.dk/412462/1-small-2B94WkYMqk.webp", "medium": "https://rema-product-images.digital.rema1000.dk/412462/1-medium-2B94WkYMqk.webp", "large": "https://rema-product-images.digital.rema1000.dk/412462/1-large-2B94WkYMqk.webp"}], "prices": [{"price": 31.95, "price_over_max_quantity": null, "max_quantity": null, "is_advertised": false, "is_campaign": false, "starting_at": "2023-11-09T00:00:00+00:00", "ending_at": "2025-09-13T00:00:00+00:00", "deposit": null, "compare_unit": "kg", "compare_unit_price": 319.5, "consumption_unit": null, "consumption_quantity": null}], "temperature_zone": "refrigerated_5_degrees_celsius", "is_self_scale_item": false, "is_weight_item": false, "is_available_in_all_stores": true, "is_batch_item": false}
{"id": 412484, "name": "ØRREDFILET", "underline": "80 GR. / VARMRØGET, AGUSTSON", "age_limit": null, "hazard_precaution_statements": [], "labels": [{"id": 40, "name": "Nøglehul", "image": "https://static-assets.digital.rema1000.dk/product/labels/40-64.webp"}, {"id": 45, "name": "ASC", "image": "https://static-assets.digital.rema1000.dk/product/labels/45-64.webp"}, {"id": 70, "name": "Dansk", "image": "https://static-assets.digital.rema1000.dk/product/labels/70-64.webp"}], "description": null, "info": "Handelsbetegnelse: Røget ørredfilet (Oncorhynchus mykiss)\nProduktionsmetode: Aquakultur/opdræt\nFangstområde: Danmark", "images": [{"small": "https://rema-product-images.digital.rema1000.dk/412484/1-small-rQqQwOp2Pe.webp", "medium": "https://rema-product-images.digital.rema1000.dk/412484/1-medium-rQqQwOp2Pe.webp", "large": "https://rema-product-images.digital.rema1000.dk/412484/1-large-rQqQwOp2Pe.webp"}], "prices": [{"price": 15.95, "price_over_max_quantity": null, "max_quantity": null, "is_advertised": false, "is_campaign": false, "starting_at": "2023-01-12T00:00:00+00:00", "ending_at": "2025-09-13T00:00:00+00:00", "deposit": null, "compare_unit": "kg", "compare_unit_price": 199.38, "consumption_unit": null, "consumption_quantity": null}], "temperature_zone": "refrigerated_5_degrees_celsius", "is_self_scale_item": false, "is_weight_item": false, "is_available_in_all_stores": true, "is_batch_item": false}
{"id": 412516, "name": "MAKRELKRÆS SMØRBAR", "underline": "100 GR. / AMANDA", "age_limit": null, "hazard_precaution_statements": [], "labels": [{"id": 40, "name": "Nøglehul", "image": "https://static-assets.digital.rema1000.dk/product/labels/40-64.webp"}], "description": null, "info": "", "images": [{"small": "https://rema-product-images.digital.rema1000.dk/412516/1-small-6xqA8Vr7oD.webp", "medium": "https://rema-product-images.digital.rema1000.dk/412516/1-medium-6xqA8Vr7oD.webp", "large": "https://rema-product-images.digital.rema1000.dk/412516/1-large-6xqA8Vr7oD.webp"}], "prices": [{"price": 17.95, "price_over_max_quantity": null, "max_quantity": null, "is_advertised": false, "is_campaign": false, "starting_at": "2025-03-20T00:00:00+00:00", "ending_at": "2099-12-31T00:00:00+00:00", "deposit": null, "compare_unit": "kg", "compare_unit_price": 179.5, "consumption_unit": null, "consumption_quantity": null}], "temperature_zone": "refrigerated_5_degrees_celsius", "is_self_scale_item": false, "is_weight_item": false, "is_available_in_all_stores": true, "is_batch_item": false}
{"id": 412526, "name": "HEL RØGET MAKREL", "underline": "250 GR. / HIRTSHALS RØGERI", "age_limit": null, "hazard_precaution_statements": [], "labels": [{"id": 2, "name": "REMA1000", "image": "https://static-assets.digital.rema1000.dk/product/labels/2-64.webp"}, {"id": 40, "name": "Nøglehul", "image": "https://static-assets.digital.rema1000.dk/product/labels/40-64.webp"}], "description": "<b>Discount med holdning</b><br />I REMA 1000 har vi fokus på kvalitet til lave priser og overskriften på vores arbejde er Discount med holdning.<br /> <br />Vi har en klar holdning til alle de varer, vi sælger. Vi stiller ikke kun krav til kvaliteten af vores egne mærkevarer – det er også vigtigt for os, at emballagerne er designet til genanvendelse, at indholdet er uden problematiske stoffer, og at varerne er produceret ansvarligt samt mærket med tydelige og valide certificeringer.<br /><br /><b>Om denne vare</b><br />REMA 1000 hel røget makrel er god til det klassiske danske frokostbord. Fx på et godt stykke rugbrød toppet med lidt mayonnaise og avocado eller som tilbehør til en sprød salat.", "info": "", "images": [{"small": "https://rema-product-images.digital.rema1000.dk/412526/1-small-kOq3rGWJo6.webp", "medium": "https://rema-product-images.digital.rema1000.dk/412526/1-medium-kOq3rGWJo6.webp", "large": "https://rema-product-images.digital.rema1000.dk/412526/1-large-kOq3rGWJo6.webp"}], "prices": [{"price": 25.95, "price_over_max_quantity": null, "max_quantity": null, "is_advertised": false, "is_campaign": false, "starting_at": "2025-01-30T00:00:00+00:00", "ending_at": "2099-12-31T00:00:00+00:00", "deposit": null, "compare_unit": "kg", "compare_unit_price": 103.8, "consumption_unit": null, "consumption_quantity": null}], "temperature_zone": "refrigerated_5_degrees_celsius", "is_self_scale_item": false, "is_weight_item": false, "is_available_in_all_stores": false, "is_batch_item": false}
{"id": 412544, "name": "SANDWICH", "underline": "160 GR. / M.TOMAT OG FLØDEOST", "age_limit": null, "hazard_precaution_statements": [], "labels": [{"id": 2, "name": "REMA1000", "image": "https://static-assets.digital.rema1000.dk/product/labels/2-64.webp"}], "description": null, "info": "", "images": [{"small": "https://rema-product-images.digital.rema1000.dk/412544/1-small-xePwxax7ow.webp", "medium": "https://rema-product-images.digital.rema1000.dk/412544/1-medium-xePwxax7ow.webp", "large": "https://rema-product-images.digital.rema1000.dk/412544/1-large-xePwxax7ow.webp"}], "prices": [{"price": 21.95, "price_over_max_quantity": null, "max_quantity": null, "is_advertised": false, "is_campaign": false, "starting_at": "2025-03-04T00:00:00+00:00", "ending_at": "2099-12-31T00:00:00+00:00", "deposit": null, "compare_unit": "kg", "compare_unit_price": 137.19, "consumption_unit": null, "consumption_quantity": null}], "temperature_zone": "refrigerated_5_degrees_celsius", "is_self_scale_item": false, "is_weight_item": false, "is_available_in_all_stores": true, "is_batch_item": false}
{"id": 412548, "name": "TERIYAKI CHICKEN", "underline": "400 GR. / KITCHEN JOY", "age_limit": null, "hazard_precaution_statements": [], "labels": [], "description": null, "info": "", "images": [{"small": "https://rema-product-images.digital.rema1000.dk/412548/1-small-OJq5vLvv9p.webp", "medium": "https://rema-product-images.digital.rema1000.dk/412548/1-medium-OJq5vLvv9p.webp", "large": "https://rema-product-images.digital.rema1000.dk/412548/1-large-OJq5vLvv9p.webp"}], "prices": [{"price": 32.95, "price_over_max_quantity": null, "max_quantity": null, "is_advertised": false, "is_campaign": false, "starting_at": "2025-04-25T00:00:00+00:00", "ending_at": "2025-08-23T00:00:00+00:00", "deposit": null, "compare_unit": "kg", "compare_unit_price": 82.38, "consumption_unit": null, "consumption_quantity": null}], "temperature_zone": "refrigerated_5_degrees_celsius", "is_self_scale_item": false, "is_weight_item": false, "is_available_in_all_stores": true, "is_batch_item": false}
{"id": 412549, "name": "SATAY CURRY CHICKEN", "underline": "400 GR. / KITCHEN JOY", "age_limit": null, "hazard_precaution_statements": [], "labels": [], "description": null, "info": "", "images": [{"small": "https://rema-product-images.digital.rema1000.dk/412549/1-small-xQq8WnWaoZ.webp", "medium": "https://rema-product-images.digital.rema1000.dk/412549/1-medium-xQq8WnWaoZ.webp", "large": "https://rema-product-images.digital.rema1000.dk/412549/1-large-xQq8WnWaoZ.webp"}], "prices": [{"price": 32.95, "price_over_max_quantity": null, "max_quantity": null, "is_advertised": false, "is_campaign": false, "starting_at": "2025-04-25T00:00:00+00:00", "ending_at": "2025-08-23T00:00:00+00:00", "deposit": null, "compare_unit": "kg", "compare_unit_price": 82.38, "consumption_unit": null, "consumption_quantity": null}], "temperature_zone": "refrigerated_5_degrees_celsius", "is_self_scale_item": false, "is_weight_item": false, "is_available_in_all_stores": true, "is_batch_item": false}
{"id": 412550, "name": "CASHEW NUTS CHICKEN", "underline": "400 GR. / KITCHEN JOY", "age_limit": null, "hazard_precaution_statements": [], "labels": [], "description": null, "info": "", "images": [{"small": "https://rema-product-images.digital.rema1000.dk/412550/1-small-vVor0Z0893.webp", "medium": "https://rema-product-images.digital.rema1000.dk/412550/1-medium-vVor0Z0893.webp", "large": "https://rema-product-images.digital.rema1000.dk/412550/1-large-vVor0Z0893.webp"}], "prices": [{"price": 32.95, "price_over_max_quantity": null, "max_quantity": null, "is_advertised": false, "is_campaign": false, "starting_at": "2025-04-25T00:00:00+00:00", "ending_at": "2025-08-23T00:00:00+00:00", "deposit": null, "compare_unit": "kg", "compare_unit_price": 82.38, "consumption_unit": null, "consumption_quantity": null}], "temperature_zone": "refrigerated_5_degrees_celsius", "is_self_scale_item": false, "is_weight_item": false, "is_available_in_all_stores": false, "is_batch_item": false}
{"id": 412551, "name": "SWEET & SOUR REDBRO CHICKEN", "underline": "400 GR. / KITCHEN JOY", "age_limit": null, "hazard_precaution_statements": [], "labels": [], "description": null, "info": "", "images": [{"small": "https://rema-product-images.digital.rema1000.dk/412551/1-small-v09glXlzPA.webp", "medium": "https://rema-product-images.digital.rema1000.dk/412551/1-medium-v09glXlzPA.webp", "large": "https://rema-product-images.digital.rema1000.dk/412551/1-large-v09glXlzPA.webp"}], "prices": [{"price": 32.95, "price_over_max_quantity": null, "max_quantity": null, "is_advertised": false, "is_campaign": false, "starting_at": "2025-04-25T00:00:00+00:00", "ending_at": "2025-08-23T00:00:00+00:00", "deposit": null, "compare_unit": "kg", "compare_unit_price": 82.38, "consumption_unit": null, "consumption_quantity": null}], "temperature_zone": "refrigerated_5_degrees_celsius", "is_self_scale_item": false, "is_weight_item": false, "is_available_in_all_stores": false, "is_batch_item": false}
{"id": 412640, "name": "REVET GULEROD", "underline": "325 GR. / ØKO., VASKET & SPISEKLAR", "age_limit": null, "hazard_precaution_statements": [], "labels": [{"id": 9001, "name": "Avisvare", "image": "https://static-assets.digital.rema1000.dk/product/labels/9001-64.webp"}, {"id": 5, "name": "Økologi", "image": "https://static-assets.digital.rema1000.dk/product/labels/5-64.webp"}, {"id": 6, "name": "Økologi", "image": "https://static-assets.digital.rema1000.dk/product/labels/6-64.webp"}, {"id": 40, "name": "Nøglehul", "image": "https://static-assets.digital.rema1000.dk/product/labels/40-64.webp"}], "description": null, "info": "", "images": [{"small": "https://rema-product-images.digital.rema1000.dk/412640/1-small-rQqQwOnKPe.webp", "medium": "https://rema-product-images.digital.rema1000.dk/412640/1-medium-rQqQwOnKPe.webp", "large": "https://rema-product-images.digital.rema1000.dk/412640/1-large-rQqQwOnKPe.webp"}], "prices": [{"price": 10, "price_over_max_quantity": null, "max_quantity": null, "is_advertised": true, "is_campaign": true, "starting_at": "2025-08-17T00:00:00+00:00", "ending_at": "2025-08-23T00:00:00+00:00", "deposit": null, "compare_unit": "kg", "compare_unit_price": 30.77, "consumption_unit": null, "consumption_quantity": null}, {"price": 12, "price_over_max_quantity": null, "max_quantity": null, "is_advertised": false, "is_campaign": false, "starting_at": "2025-08-24T00:00:00+00:00", "ending_at": "2099-12-31T00:00:00+00:00", "deposit": null, "compare_unit": "kg", "compare_unit_price": 36.92, "consumption_unit": null, "consumption_quantity": null}], "temperature_zone": "refrigerated_5_degrees_celsius", "is_self_scale_item": false, "is_weight_item": false, "is_available_in_all_stores": true, "is_batch_item": false}
{"id": 412644, "name": "SNITTET RØDBEDE", "underline": "200 GR. / ØKOLOGISK", "age_limit": null, "hazard_precaution_statements": [], "labels": [{"id": 9001, "name": "Avisvare", "image": "https://static-assets.digital.rema1000.dk/product/labels/9001-64.webp"}, {"id": 5, "name": "Økologi", "image": "https://static-assets.digital.rema1000.dk/product/labels/5-64.webp"}, {"id": 6, "name": "Økologi", "image": "https://static-assets.digital.rema1000.dk/product/labels/6-64.webp"}, {"id": 40, "name": "Nøglehul", "image": "https://static-assets.digital.rema1000.dk/product/labels/40-64.webp"}], "description": null, "info": "", "images": [{"small": "https://rema-product-images.digital.rema1000.dk/412644/1-small-xePwxaYdow.webp", "medium": "https://rema-product-images.digital.rema1000.dk/412644/1-medium-xePwxaYdow.webp", "large": "https://rema-product-images.digital.rema1000.dk/412644/1-large-xePwxaYdow.webp"}], "prices": [{"price": 10, "price_over_max_quantity": null, "max_quantity": null, "is_advertised": true, "is_campaign": true, "starting_at": "2025-08-17T00:00:00+00:00", "ending_at": "2025-08-23T00:00:00+00:00", "deposit": null, "compare_unit": "kg", "compare_unit_price": 50, "consumption_unit": null, "consumption_quantity": null}, {"price": 14, "price_over_max_quantity": null, "max_quantity": null, "is_advertised": false, "is_campaign": false, "starting_at": "2025-08-24T00:00:00+00:00", "ending_at": "2099-12-31T00:00:00+00:00", "deposit": null, "compare_unit": "kg", "compare_unit_price": 70, "consumption_unit": null, "consumption_quantity": null}], "temperature_zone": "refrigerated_5_degrees_celsius", "is_self_scale_item": false, "is_weight_item": false, "is_available_in_all_stores": false, "is_batch_item": false}
{"id": 412650, "name": "KYLLINGEKEBAB &", "underline": "350 GR. / BULGURSALAT M/HUMMUS, READY TO SERVE", "age_limit": null, "hazard_precaution_statements": [], "labels": [{"id": 2, "name": "REMA1000", "image": "https://static-assets.digital.rema1000.dk/product/labels/2-64.webp"}], "description": null, "info": "", "images": [{"small": "https://rema-product-images.digital.rema1000.dk/412650/1-small-vVor0Z8J93.webp", "medium": "https://rema-product-images.digital.rema1000.dk/412650/1-medium-vVor0Z8J93.webp", "large": "https://rema-product-images.digital.rema1000.dk/412650/1-large-vVor0Z8J93.webp"}], "prices": [{"price": 32, "price_over_max_quantity": null, "max_quantity": null, "is_advertised": false, "is_campaign": false, "starting_at": "2025-02-27T00:00:00+00:00", "ending_at": "2025-09-06T00:00:00+00:00", "deposit": null, "compare_unit": "kg", "compare_unit_price": 91.43, "consumption_unit": null, "consumption_quantity": null}], "temperature_zone": "refrigerated_5_degrees_celsius", "is_self_scale_item": false, "is_weight_item": false, "is_available_in_all_stores": false, "is_batch_item": false}
{"id": 412654, "name": "YOGHURT & SKYR", "underline": "200 GR. / M/RABARBER-HINDBÆRPURÉ & RISTET MYSLI, READY TO GO", "age_limit": null, "hazard_precaution_statements": [], "labels": [{"id": 2, "name": "REMA1000", "image": "https://static-assets.digital.rema1000.dk/product/labels/2-64.webp"}], "description": null, "info": "", "images": [{"small": "https://rema-product-images.digital.rema1000.dk/412654/1-small-Al90z2D7o8.webp", "medium": "https://rema-product-images.digital.rema1000.dk/412654/1-medium-Al90z2D7o8.webp", "large": "https://rema-product-images.digital.rema1000.dk/412654/1-large-Al90z2D7o8.webp"}], "prices": [{"price": 17, "price_over_max_quantity": null, "max_quantity": null, "is_advertised": false, "is_campaign": false, "starting_at": "2022-03-31T00:00:00+00:00", "ending_at": "2099-12-31T00:00:00+00:00", "deposit": null, "compare_unit": "kg", "compare_unit_price": 85, "consumption_unit": null, "consumption_quantity": null}], "temperature_zone": "refrigerated_5_degrees_celsius", "is_self_scale_item": false, "is_weight_item": false, "is_available_in_all_stores": false, "is_batch_item": false}
{"id": 412671, "name": "RØDDER & KÅL", "underline": "335 GR. / MØLLEGAARD, MED GOMA", "age_limit": null, "hazard_precaution_statements": [], "labels": [], "description": null, "info": "", "images": [{"small": "https://rema-product-images.digital.rema1000.dk/412671/1-small-OW9OX1w0Pg.webp", "medium": "https://rema-product-images.digital.rema1000.dk/412671/1-medium-OW9OX1w0Pg.webp", "large": "https://rema-product-images.digital.rema1000.dk/412671/1-large-OW9OX1w0Pg.webp"}], "prices": [{"price": 27, "price_over_max_quantity": null, "max_quantity": null, "is_advertised": false, "is_campaign": false, "starting_at": "2024-11-28T00:00:00+00:00", "ending_at": "2099-12-31T00:00:00+00:00", "deposit": null, "compare_unit": "kg", "compare_unit_price": 80.6, "consumption_unit": null, "consumption_quantity": null}], "temperature_zone": "refrigerated_5_degrees_celsius", "is_self_scale_item": false, "is_weight_item": false, "is_available_in_all_stores": false, "is_batch_item": false}
{"id": 412924, "name": "MAKRELSALAT", "underline": "300 GR. / REMA 1000", "age_limit": null, "hazard_precaution_statements": [], "labels": [{"id": 2, "name": "REMA1000", "image": "https://static-assets.digital.rema1000.dk/product/labels/2-64.webp"}], "description": "<b>Discount med holdning</b><br />I REMA 1000 har vi fokus på kvalitet til lave priser og overskriften på vores arbejde er Discount med holdning.<br /> <br />Vi har en klar holdning til alle de varer, vi sælger. Vi stiller ikke kun krav til kvaliteten af vores egne mærkevarer – det er også vigtigt for os, at emballagerne er designet til genanvendelse, at indholdet er uden problematiske stoffer, og at varerne er produceret ansvarligt samt mærket med tydelige og valide certificeringer.<br /><br /><b>Om denne vare</b><br />REMA 1000 makrelsalat er god til det klassiske danske frokostbord. Fx på et godt stykke rugbrød toppet med lidt mayonnaise, agurk, avocado eller et æg.", "info": "", "images": [{"small": "https://rema-product-images.digital.rema1000.dk/412924/1-small-vXodYKZvq3.webp", "medium": "https://rema-product-images.digital.rema1000.dk/412924/1-medium-vXodYKZvq3.webp", "large": "https://rema-product-images.digital.rema1000.dk/412924/1-large-vXodYKZvq3.webp"}], "prices": [{"price": 16.95, "price_over_max_quantity": null, "max_quantity": null, "is_advertised": false, "is_campaign": false, "starting_at": "2025-03-27T00:00:00+00:00", "ending_at": "2099-12-31T00:00:00+00:00", "deposit": null, "compare_unit": "kg", "compare_unit_price": 56.5, "consumption_unit": null, "consumption_quantity": null}], "temperature_zone": "refrigerated_5_degrees_celsius", "is_self_scale_item": false, "is_weight_item": false, "is_available_in_all_stores": true, "is_batch_item": false}
{"id": 412926, "name": "KARRY SALAT", "underline": "300 GR. / REMA 1000", "age_limit": null, "hazard_precaution_statements": [], "labels": [{"id": 2, "name": "REMA1000", "image": "https://static-assets.digital.rema1000.dk/product/labels/2-64.webp"}], "description": "<b>Discount med holdning</b><br />I REMA 1000 har vi fokus på kvalitet til lave priser og overskriften på vores arbejde er Discount med holdning.<br /> <br />Vi har en klar holdning til alle de varer, vi sælger. Vi stiller ikke kun krav til kvaliteten af vores egne mærkevarer – det er også vigtigt for os, at emballagerne er designet til genanvendelse, at indholdet er uden problematiske stoffer, og at varerne er produceret ansvarligt samt mærket med tydelige og valide certificeringer.<br /><br /><b>Om denne vare</b><br />REMA 1000 karrysalat er god som tilbehør til madpakken eller til det klassiske danske frokostbord. Fx på et godt stykke rugbrød med æg, kyllingepålæg eller sild.", "info": "", "images": [{"small": "https://rema-product-images.digital.rema1000.dk/412926/1-small-kOq3rGm4o6.webp", "medium": "https://rema-product-images.digital.rema1000.dk/412926/1-medium-kOq3rGm4o6.webp", "large": "https://rema-product-images.digital.rema1000.dk/412926/1-large-kOq3rGm4o6.webp"}], "prices": [{"price": 9.95, "price_over_max_quantity": null, "max_quantity": null, "is_advertised": false, "is_campaign": false, "starting_at": "2023-01-26T00:00:00+00:00", "ending_at": "2099-12-31T00:00:00+00:00", "deposit": null, "compare_unit": "kg", "compare_unit_price": 33.17, "consumption_unit": null, "consumption_quantity": null}], "temperature_zone": "refrigerated_5_degrees_celsius", "is_self_scale_item": false, "is_weight_item": false, "is_available_in_all_stores": true, "is_batch_item": false}
{"id": 412928, "name": "ITALIENSK SALAT", "underline": "300 GR. / REMA 1000", "age_limit": null, "hazard_precaution_statements": [], "labels": [{"id": 2, "name": "REMA1000", "image": "https://static-assets.digital.rema1000.dk/product/labels/2-64.webp"}], "description": "<b>Discount med holdning</b><br />I REMA 1000 har vi fokus på kvalitet til lave priser og overskriften på vores arbejde er Discount med holdning.<br /> <br />Vi har en klar holdning til alle de varer, vi sælger. Vi stiller ikke kun krav til kvaliteten af vores egne mærkevarer – det er også vigtigt for os, at emballagerne er designet til genanvendelse, at indholdet er uden problematiske stoffer, og at varerne er produceret ansvarligt samt mærket med tydelige og valide certificeringer.<br /><br /><b>Om denne vare</b><br />REMA 1000 italiensk salat er god som tilbehør til madpakken eller til det klassiske danske frokostbord. Fx på en god rullepølsemad toppet med radisser, ærter og purløg.", "info": "", "images": [{"small": "https://rema-product-images.digital.rema1000.dk/412928/1-small-xyqalrA6oD.webp", "medium": "https://rema-product-images.digital.rema1000.dk/412928/1-medium-xyqalrA6oD.webp", "large": "https://rema-product-images.digital.rema1000.dk/412928/1-large-xyqalrA6oD.webp"}], "prices": [{"price": 9.95, "price_over_max_quantity": null, "max_quantity": null, "is_advertised": false, "is_campaign": false, "starting_at": "2024-12-12T00:00:00+00:00", "ending_at": "2099-12-31T00:00:00+00:00", "deposit": null, "compare_unit": "kg", "compare_unit_price": 33.17, "consumption_unit": null, "consumption_quantity": null}], "temperature_zone": "refrigerated_5_degrees_celsius", "is_self_scale_item": false, "is_weight_item": false, "is_available_in_all_stores": true, "is_batch_item": false}
{"id": 412934, "name": "TUNSALAT", "underline": "250 GR. / REMA 1000", "age_limit": null, "hazard_precaution_statements": [], "labels": [{"id": 2, "name": "REMA1000", "image": "https://static-assets.digital.rema1000.dk/product/labels/2-64.webp"}, {"id": 9, "name": "MSC", "image": "https://static-assets.digital.rema1000.dk/product/labels/9-64.webp"}], "description": "<b>Discount med holdning</b><br />I REMA 1000 har vi fokus på kvalitet til lave priser og overskriften på vores arbejde er Discount med holdning.<br /> <br />Vi har en klar holdning til alle de varer, vi sælger. Vi stiller ikke kun krav til kvaliteten af vores egne mærkevarer – det er også vigtigt for os, at emballagerne er designet til genanvendelse, at indholdet er uden problematiske stoffer, og at varerne er produceret ansvarligt samt mærket med tydelige og valide certificeringer.<br /><br /><b>Om denne vare</b><br />REMA 1000 tunsalat er god til madpakken eller det klassiske danske frokostbord. Fx på et godt stykke rugbrød toppet med avocado, tomat og rødløg.", "info": "", "images": [{"small": "https://rema-product-images.digital.rema1000.dk/412934/1-small-yLqGVpx1od.webp", "medium": "https://rema-product-images.digital.rema1000.dk/412934/1-medium-yLqGVpx1od.webp", "large": "https://rema-product-images.digital.rema1000.dk/412934/1-large-yLqGVpx1od.webp"}], "prices": [{"price": 15.95, "price_over_max_quantity": null, "max_quantity": null, "is_advertised": false, "is_campaign": false, "starting_at": "2022-06-30T00:00:00+00:00", "ending_at": "2099-12-31T00:00:00+00:00", "deposit": null, "compare_unit": "kg", "compare_unit_price": 63.8, "consumption_unit": null, "consumption_quantity": null}], "temperature_zone": "refrigerated_5_degrees_celsius", "is_self_scale_item": false, "is_weight_item": false, "is_available_in_all_stores": true, "is_batch_item": false}
{"id": 412935, "name": "SKINKESALAT", "underline": "250 GR. / REMA 1000", "age_limit": null, "hazard_precaution_statements": [], "labels": [{"id": 2, "name": "REMA1000", "image": "https://static-assets.digital.rema1000.dk/product/labels/2-64.webp"}], "description": "<b>Discount med holdning</b><br />I REMA 1000 har vi fokus på kvalitet til lave priser og overskriften på vores arbejde er Discount med holdning.<br /> <br />Vi har en klar holdning til alle de varer, vi sælger. Vi stiller ikke kun krav til kvaliteten af vores egne mærkevarer – det er også vigtigt for os, at emballagerne er designet til genanvendelse, at indholdet er uden problematiske stoffer, og at varerne er produceret ansvarligt samt mærket med tydelige og valide certificeringer.<br /><br /><b>Om denne vare</b><br />REMA 1000 skinkesalat er god til madpakken eller det klassiske danske frokostbord. Fx på et godt stykke rugbrød toppet med tomat, rødløg og purløg.", "info": "", "images": [{"small": "https://rema-product-images.digital.rema1000.dk/412935/1-small-Gb9kVA2Nq7.webp", "medium": "https://rema-product-images.digital.rema1000.dk/412935/1-medium-Gb9kVA2Nq7.webp", "large": "https://rema-product-images.digital.rema1000.dk/412935/1-large-Gb9kVA2Nq7.webp"}], "prices": [{"price": 15.95, "price_over_max_quantity": null, "max_quantity": null, "is_advertised": false, "is_campaign": false, "starting_at": "2022-06-30T00:00:00+00:00", "ending_at": "2099-12-31T00:00:00+00:00", "deposit": null, "compare_unit": "kg", "compare_unit_price": 63.8, "consumption_unit": null, "consumption_quantity": null}], "temperature_zone": "refrigerated_5_degrees_celsius", "is_self_scale_item": false, "is_weight_item": false, "is_available_in_all_stores": true, "is_batch_item": false}
{"id": 412936, "name": "HØNSESALAT", "underline": "250 GR. / REMA 1000", "age_limit": null, "hazard_precaution_statements": [], "labels": [{"id": 2, "name": "REMA1000", "image": "https://static-assets.digital.rema1000.dk/product/labels/2-64.webp"}], "description": "<b>Discount med holdning</b><br />I REMA 1000 har vi fokus på kvalitet til lave priser og overskriften på vores arbejde er Discount med holdning.<br /> <br />Vi har en klar holdning til alle de varer, vi sælger. Vi stiller ikke kun krav til kvaliteten af vores egne mærkevarer – det er også vigtigt for os, at emballagerne er designet til genanvendelse, at indholdet er uden problematiske stoffer, og at varerne er produceret ansvarligt samt mærket med tydelige og valide certificeringer.<br /><br /><b>Om denne vare</b><br />REMA 1000 hønsesalat er god til madpakken eller det klassiske danske frokostbord. Fx på et godt stykke rugbrød toppet med bacon, champignon, tomat og purløg.", "info": "", "images": [{"small": "https://rema-product-images.digital.rema1000.dk/412936/1-small-7doLrzpd96.webp", "medium": "https://rema-product-images.digital.rema1000.dk/412936/1-medium-7doLrzpd96.webp", "large": "https://rema-product-images.digital.rema1000.dk/412936/1-large-7doLrzpd96.webp"}], "prices": [{"price": 15.95, "price_over_max_quantity": null, "max_quantity": null, "is_advertised": false, "is_campaign": false, "starting_at": "2022-06-30T00:00:00+00:00", "ending_at": "2099-12-31T00:00:00+00:00", "deposit": null, "compare_unit": "kg", "compare_unit_price": 63.8, "consumption_unit": null, "consumption_quantity": null}], "temperature_zone": "refrigerated_5_degrees_celsius", "is_self_scale_item": false, "is_weight_item": false, "is_available_in_all_stores": true, "is_batch_item": false}
{"id": 413110, "name": "MAKREL SALAT", "underline": "175 GR. / MAYO", "age_limit": null, "hazard_precaution_statements": [], "labels": [], "description": null, "info": "", "images": [{"small": "https://rema-product-images.digital.rema1000.dk/413110/1-small-Al90z2gno8.webp", "medium": "https://rema-product-images.digital.rema1000.dk/413110/1-medium-Al90z2gno8.webp", "large": "https://rema-product-images.digital.rema1000.dk/413110/1-large-Al90z2gno8.webp"}], "prices": [{"price": 16.95, "price_over_max_quantity": null, "max_quantity": null, "is_advertised": false, "is_campaign": false, "starting_at": "2024-12-12T00:00:00+00:00", "ending_at": "2025-09-13T00:00:00+00:00", "deposit": null, "compare_unit": "kg", "compare_unit_price": 96.86, "consumption_unit": null, "consumption_quantity": null}], "temperature_zone": "refrigerated_5_degrees_celsius", "is_self_scale_item": false, "is_weight_item": false, "is_available_in_all_stores": true, "is_batch_item": false}
{"id": 413135, "name": "HØNSE SALAT", "underline": "175 GR. / MAYO", "age_limit": null, "hazard_precaution_statements": [], "labels": [], "description": null, "info": "", "images": [{"small": "https://rema-product-images.digital.rema1000.dk/413135/1-small-Gb9kVAXDq7.webp", "medium": "https://rema-product-images.digital.rema1000.dk/413135/1-medium-Gb9kVAXDq7.webp", "large": "https://rema-product-images.digital.rema1000.dk/413135/1-large-Gb9kVAXDq7.webp"}], "prices": [{"price": 14.95, "price_over_max_quantity": null, "max_quantity": null, "is_advertised": false, "is_campaign": false, "starting_at": "2022-06-30T00:00:00+00:00", "ending_at": "2025-09-13T00:00:00+00:00", "deposit": null, "compare_unit": "kg", "compare_unit_price": 85.43, "consumption_unit": null, "consumption_quantity": null}], "temperature_zone": "refrigerated_5_degrees_celsius", "is_self_scale_item": false, "is_weight_item": false, "is_available_in_all_stores": true, "is_batch_item": false}
{"id": 413140, "name": "TUN SALAT", "underline": "200 GR. / MAYO", "age_limit": null, "hazard_precaution_statements": [], "labels": [{"id": 9, "name": "MSC", "image": "https://static-assets.digital.rema1000.dk/product/labels/9-64.webp"}], "description": null, "info": "", "images": [{"small": "https://rema-product-images.digital.rema1000.dk/413140/1-small-rQqQwOaEPe.webp", "medium": "https://rema-product-images.digital.rema1000.dk/413140/1-medium-rQqQwOaEPe.webp", "large": "https://rema-product-images.digital.rema1000.dk/413140/1-large-rQqQwOaEPe.webp"}], "prices": [{"price": 15.95, "price_over_max_quantity": null, "max_quantity": null, "is_advertised": false, "is_campaign": false, "starting_at": "2023-07-27T00:00:00+00:00", "ending_at": "2025-08-30T00:00:00+00:00", "deposit": null, "compare_unit": "kg", "compare_unit_price": 79.75, "consumption_unit": null, "consumption_quantity": null}], "temperature_zone": "refrigerated_5_degrees_celsius", "is_self_scale_item": false, "is_weight_item": false, "is_available_in_all_stores": true, "is_batch_item": false}
{"id": 413145, "name": "SOMMER SALAT", "underline": "200 GR. / MAYO", "age_limit": null, "hazard_precaution_statements": [], "labels": [], "description": null, "info": "", "images": [{"small": "https://rema-product-images.digital.rema1000.dk/413145/1-small-ElPBrX8lPk.webp", "medium": "https://rema-product-images.digital.rema1000.dk/413145/1-medium-ElPBrX8lPk.webp", "large": "https://rema-product-images.digital.rema1000.dk/413145/1-large-ElPBrX8lPk.webp"}], "prices": [{"price": 11.95, "price_over_max_quantity": null, "max_quantity": null, "is_advertised": false, "is_campaign": false, "starting_at": "2023-01-26T00:00:00+00:00", "ending_at": "2099-12-31T00:00:00+00:00", "deposit": null, "compare_unit": "kg", "compare_unit_price": 59.75, "consumption_unit": null, "consumption_quantity": null}], "temperature_zone": "refrigerated_5_degrees_celsius", "is_self_scale_item": false, "is_weight_item": false, "is_available_in_all_stores": true, "is_batch_item": false}
{"id": 413150, "name": "RUSSISK SALAT", "underline": "200 GR. / MAYO", "age_limit": null, "hazard_precaution_statements": [], "labels": [], "description": null, "info": "", "images": [{"small": "https://rema-product-images.digital.rema1000.dk/413150/1-small-vVor0Z6W93.webp", "medium": "https://rema-product-images.digital.rema1000.dk/413150/1-medium-vVor0Z6W93.webp", "large": "https://rema-product-images.digital.rema1000.dk/413150/1-large-vVor0Z6W93.webp"}], "prices": [{"price": 8.95, "price_over_max_quantity": null, "max_quantity": null, "is_advertised": false, "is_campaign": false, "starting_at": "2022-06-30T00:00:00+00:00", "ending_at": "2099-12-31T00:00:00+00:00", "deposit": null, "compare_unit": "kg", "compare_unit_price": 44.75, "consumption_unit": null, "consumption_quantity": null}], "temperature_zone": "refrigerated_5_degrees_celsius", "is_self_scale_item": false, "is_weight_item": false, "is_available_in_all_stores": true, "is_batch_item": false}
{"id": 413155, "name": "PEBERROD SALAT", "underline": "150 GR. / MAYO", "age_limit": null, "hazard_precaution_statements": [], "labels": [], "description": null, "info": "", "images": [{"small": "https://rema-product-images.digital.rema1000.dk/413155/1-small-A5qV8WDpPa.webp", "medium": "https://rema-product-images.digital.rema1000.dk/413155/1-medium-A5qV8WDpPa.webp", "large": "https://rema-product-images.digital.rema1000.dk/413155/1-large-A5qV8WDpPa.webp"}], "prices": [{"price": 10.95, "price_over_max_quantity": null, "max_quantity": null, "is_advertised": false, "is_campaign": false, "starting_at": "2022-06-30T00:00:00+00:00", "ending_at": "2099-12-31T00:00:00+00:00", "deposit": null, "compare_unit": "kg", "compare_unit_price": 73, "consumption_unit": null, "consumption_quantity": null}], "temperature_zone": "refrigerated_5_degrees_celsius", "is_self_scale_item": false, "is_weight_item": false, "is_available_in_all_stores": true, "is_batch_item": false}
{"id": 413177, "name": "REJE SALAT", "underline": "175 GR. / MAYO", "age_limit": null, "hazard_precaution_statements": [], "labels": [{"id": 9, "name": "MSC", "image": "https://static-assets.digital.rema1000.dk/product/labels/9-64.webp"}], "description": null, "info": "", "images": [{"small": "https://rema-product-images.digital.rema1000.dk/413177/1-small-YLPjyROV9k.webp", "medium": "https://rema-product-images.digital.rema1000.dk/413177/1-medium-YLPjyROV9k.webp", "large": "https://rema-product-images.digital.rema1000.dk/413177/1-large-YLPjyROV9k.webp"}], "prices": [{"price": 17.95, "price_over_max_quantity": null, "max_quantity": null, "is_advertised": false, "is_campaign": false, "starting_at": "2023-08-10T00:00:00+00:00", "ending_at": "2025-08-30T00:00:00+00:00", "deposit": null, "compare_unit": "kg", "compare_unit_price": 102.57, "consumption_unit": null, "consumption_quantity": null}], "temperature_zone": "refrigerated_5_degrees_celsius", "is_self_scale_item": false, "is_weight_item": false, "is_available_in_all_stores": true, "is_batch_item": false}
{"id": 413191, "name": "PEBERRODSSALAT", "underline": "175 GR. / MAYO, GROV", "age_limit": null, "hazard_precaution_statements": [], "labels": [], "description": null, "info": "", "images": [{"small": "https://rema-product-images.digital.rema1000.dk/413191/1-small-3MoMLZXkP5.webp", "medium": "https://rema-product-images.digital.rema1000.dk/413191/1-medium-3MoMLZXkP5.webp", "large": "https://rema-product-images.digital.rema1000.dk/413191/1-large-3MoMLZXkP5.webp"}], "prices": [{"price": 12.95, "price_over_max_quantity": null, "max_quantity": null, "is_advertised": false, "is_campaign": false, "starting_at": "2022-06-30T00:00:00+00:00", "ending_at": "2099-12-31T00:00:00+00:00", "deposit": null, "compare_unit": "kg", "compare_unit_price": 74, "consumption_unit": null, "consumption_quantity": null}], "temperature_zone": "refrigerated_5_degrees_celsius", "is_self_scale_item": false, "is_weight_item": false, "is_available_in_all_stores": false, "is_batch_item": false}
{"id": 413192, "name": "FRUGT SALAT", "underline": "175 GR. / MAYO", "age_limit": null, "hazard_precaution_statements": [], "labels": [], "description": null, "info": "", "images": [{"small": "https://rema-product-images.digital.rema1000.dk/413192/1-small-OJq5vLrN9p.webp", "medium": "https://rema-product-images.digital.rema1000.dk/413192/1-medium-OJq5vLrN9p.webp", "large": "https://rema-product-images.digital.rema1000.dk/413192/1-large-OJq5vLrN9p.webp"}], "prices": [{"price": 13.95, "price_over_max_quantity": null, "max_quantity": null, "is_advertised": false, "is_campaign": false, "starting_at": "2022-06-30T00:00:00+00:00", "ending_at": "2025-09-13T00:00:00+00:00", "deposit": null, "compare_unit": "kg", "compare_unit_price": 79.71, "consumption_unit": null, "consumption_quantity": null}], "temperature_zone": "refrigerated_5_degrees_celsius", "is_self_scale_item": false, "is_weight_item": false, "is_available_in_all_stores": false, "is_batch_item": false}
{"id": 413195, "name": "REVET PEBERROD", "underline": "40 GR. / CARLSENS", "age_limit": null, "hazard_precaution_statements": [], "labels": [{"id": 70, "name": "Dansk", "image": "https://static-assets.digital.rema1000.dk/product/labels/70-64.webp"}], "description": "", "info": "", "images": [{"small": "https://rema-product-images.digital.rema1000.dk/413195/1-small-v09glXL0PA.webp", "medium": "https://rema-product-images.digital.rema1000.dk/413195/1-medium-v09glXL0PA.webp", "large": "https://rema-product-images.digital.rema1000.dk/413195/1-large-v09glXL0PA.webp"}], "prices": [{"price": 7.5, "price_over_max_quantity": null, "max_quantity": null, "is_advertised": false, "is_campaign": false, "starting_at": "2025-03-27T00:00:00+00:00", "ending_at": "2099-12-31T00:00:00+00:00", "deposit": null, "compare_unit": "kg", "compare_unit_price": 187.5, "consumption_unit": null, "consumption_quantity": null}], "temperature_zone": "refrigerated_5_degrees_celsius", "is_self_scale_item": false, "is_weight_item": false, "is_available_in_all_stores": false, "is_batch_item": false}
{"id": 413196, "name": "HØVLET PEBERROD", "underline": "50 GR. / CARLSENS", "age_limit": null, "hazard_precaution_statements": [], "labels": [], "description": null, "info": "", "images": [{"small": "https://rema-product-images.digital.rema1000.dk/413196/1-small-NpP70B7VoO.webp", "medium": "https://rema-product-images.digital.rema1000.dk/413196/1-medium-NpP70B7VoO.webp", "large": "https://rema-product-images.digital.rema1000.dk/413196/1-large-NpP70B7VoO.webp"}], "prices": [{"price": 9.5, "price_over_max_quantity": null, "max_quantity": null, "is_advertised": false, "is_campaign": false, "starting_at": "2025-03-27T00:00:00+00:00", "ending_at": "2099-12-31T00:00:00+00:00", "deposit": null, "compare_unit": "kg", "compare_unit_price": 190, "consumption_unit": null, "consumption_quantity": null}], "temperature_zone": "refrigerated_5_degrees_celsius", "is_self_scale_item": false, "is_weight_item": false, "is_available_in_all_stores": true, "is_batch_item": false}
{"id": 413241, "name": "KRABBESALAT", "underline": "140 GR. / M/SURIMI, SØNDERJYSKE FRISTELSER", "age_limit": null, "hazard_precaution_statements": [], "labels": [{"id": 9001, "name": "Avisvare", "image": "https://static-assets.digital.rema1000.dk/product/labels/9001-64.webp"}], "description": null, "info": "", "images": [{"small": "https://rema-product-images.digital.rema1000.dk/413241/1-small-we9EaRWR9g.webp", "medium": "https://rema-product-images.digital.rema1000.dk/413241/1-medium-we9EaRWR9g.webp", "large": "https://rema-product-images.digital.rema1000.dk/413241/1-large-we9EaRWR9g.webp"}], "prices": [{"price": 10, "price_over_max_quantity": 19.95, "max_quantity": 6, "is_advertised": true, "is_campaign": true, "starting_at": "2025-08-17T00:00:00+00:00", "ending_at": "2025-08-23T00:00:00+00:00", "deposit": null, "compare_unit": "kg", "compare_unit_price": 71.43, "consumption_unit": null, "consumption_quantity": null}, {"price": 19.95, "price_over_max_quantity": null, "max_quantity": null, "is_advertised": false, "is_campaign": false, "starting_at": "2025-08-24T00:00:00+00:00", "ending_at": "2025-09-10T00:00:00+00:00", "deposit": null, "compare_unit": "kg", "compare_unit_price": 142.5, "consumption_unit": null, "consumption_quantity": null}], "temperature_zone": "refrigerated_5_degrees_celsius", "is_self_scale_item": false, "is_weight_item": false, "is_available_in_all_stores": true, "is_batch_item": false}
{"id": 413243, "name": "SKAGENSALAT", "underline": "140 GR. / SØNDERJYSKE FRISTELSER", "age_limit": null, "hazard_precaution_statements": [], "labels": [{"id": 9001, "name": "Avisvare", "image": "https://static-assets.digital.rema1000.dk/product/labels/9001-64.webp"}, {"id": 9, "name": "MSC", "image": "https://static-assets.digital.rema1000.dk/product/labels/9-64.webp"}], "description": null, "info": "", "images": [{"small": "https://rema-product-images.digital.rema1000.dk/413243/1-small-dyomV4DBqV.webp", "medium": "https://rema-product-images.digital.rema1000.dk/413243/1-medium-dyomV4DBqV.webp", "large": "https://rema-product-images.digital.rema1000.dk/413243/1-large-dyomV4DBqV.webp"}], "prices": [{"price": 10, "price_over_max_quantity": 19.95, "max_quantity": 6, "is_advertised": true, "is_campaign": true, "starting_at": "2025-08-17T00:00:00+00:00", "ending_at": "2025-08-23T00:00:00+00:00", "deposit": null, "compare_unit": "kg", "compare_unit_price": 71.43, "consumption_unit": null, "consumption_quantity": null}, {"price": 19.95, "price_over_max_quantity": null, "max_quantity": null, "is_advertised": false, "is_campaign": false, "starting_at": "2025-08-24T00:00:00+00:00", "ending_at": "2025-09-10T00:00:00+00:00", "deposit": null, "compare_unit": "kg", "compare_unit_price": 142.5, "consumption_unit": null, "consumption_quantity": null}], "temperature_zone": "refrigerated_5_degrees_celsius", "is_self_scale_item": false, "is_weight_item": false, "is_available_in_all_stores": false, "is_batch_item": false}
{"id": 413244, "name": "SKALDYRSALAT", "underline": "140 GR. / SØNDERJYSKE FRISTELSER", "age_limit": null, "hazard_precaution_statements": [], "labels": [{"id": 9001, "name": "Avisvare", "image": "https://static-assets.digital.rema1000.dk/product/labels/9001-64.webp"}], "description": null, "info": "", "images": [{"small": "https://rema-product-images.digital.rema1000.dk/413244/1-small-xePwxagOow.webp", "medium": "https://rema-product-images.digital.rema1000.dk/413244/1-medium-xePwxagOow.webp", "large": "https://rema-product-images.digital.rema1000.dk/413244/1-large-xePwxagOow.webp"}], "prices": [{"price": 10, "price_over_max_quantity": 19.95, "max_quantity": 6, "is_advertised": true, "is_campaign": true, "starting_at": "2025-08-17T00:00:00+00:00", "ending_at": "2025-08-23T00:00:00+00:00", "deposit": null, "compare_unit": "kg", "compare_unit_price": 71.43, "consumption_unit": null, "consumption_quantity": null}, {"price": 19.95, "price_over_max_quantity": null, "max_quantity": null, "is_advertised": false, "is_campaign": false, "starting_at": "2025-08-24T00:00:00+00:00", "ending_at": "2025-09-10T00:00:00+00:00", "deposit": null, "compare_unit": "kg", "compare_unit_price": 142.5, "consumption_unit": null, "consumption_quantity": null}], "temperature_zone": "refrigerated_5_degrees_celsius", "is_self_scale_item": false, "is_weight_item": false, "is_available_in_all_stores": false, "is_batch_item": false}
{"id": 413261, "name": "KARTOFFELSALAT", "underline": "400 GR. / MAYO", "age_limit": null, "hazard_precaution_statements": [], "labels": [], "description": null, "info": "", "images": [{"small": "https://rema-product-images.digital.rema1000.dk/413261/1-small-Z8qp7YjQo3.webp", "medium": "https://rema-product-images.digital.rema1000.dk/413261/1-medium-Z8qp7YjQo3.webp", "large": "https://rema-product-images.digital.rema1000.dk/413261/1-large-Z8qp7YjQo3.webp"}], "prices": [{"price": 14.95, "price_over_max_quantity": null, "max_quantity": null, "is_advertised": false, "is_campaign": false, "starting_at": "2024-06-26T00:00:00+00:00", "ending_at": "2099-12-31T00:00:00+00:00", "deposit": null, "compare_unit": "kg", "compare_unit_price": 37.38, "consumption_unit": null, "consumption_quantity": null}], "temperature_zone": "refrigerated_5_degrees_celsius", "is_self_scale_item": false, "is_weight_item": false, "is_available_in_all_stores": false, "is_batch_item": false}
{"id": 413282, "name": "GRÆSK YOGHURT 10%", "underline": "1 KG. / ANTOS", "age_limit": null, "hazard_precaution_statements": [], "labels": [], "description": null, "info": "", "images": [{"small": "https://rema-product-images.digital.rema1000.dk/413282/1-small-MBoNXdLD9v.webp", "medium": "https://rema-product-images.digital.rema1000.dk/413282/1-medium-MBoNXdLD9v.webp", "large": "https://rema-product-images.digital.rema1000.dk/413282/1-large-MBoNXdLD9v.webp"}], "prices": [{"price": 32.95, "price_over_max_quantity": null, "max_quantity": null, "is_advertised": false, "is_campaign": false, "starting_at": "2025-01-16T00:00:00+00:00", "ending_at": "2099-12-31T00:00:00+00:00", "deposit": null, "compare_unit": "kg", "compare_unit_price": 32.95, "consumption_unit": null, "consumption_quantity": null}], "temperature_zone": "refrigerated_5_degrees_celsius", "is_self_scale_item": false, "is_weight_item": false, "is_available_in_all_stores": true, "is_batch_item": false}
{"id": 413283, "name": "GRÆSK YOGHURT 2%", "underline": "1 KG. / ANTOS", "age_limit": null, "hazard_precaution_statements": [], "labels": [], "description": null, "info": "", "images": [{"small": "https://rema-product-images.digital.rema1000.dk/413283/1-small-zOPlypORoR.webp", "medium": "https://rema-product-images.digital.rema1000.dk/413283/1-medium-zOPlypORoR.webp", "large": "https://rema-product-images.digital.rema1000.dk/413283/1-large-zOPlypORoR.webp"}], "prices": [{"price": 32.95, "price_over_max_quantity": null, "max_quantity": null, "is_advertised": false, "is_campaign": false, "starting_at": "2025-01-16T00:00:00+00:00", "ending_at": "2099-12-31T00:00:00+00:00", "deposit": null, "compare_unit": "kg", "compare_unit_price": 32.95, "consumption_unit": null, "consumption_quantity": null}], "temperature_zone": "refrigerated_5_degrees_celsius", "is_self_scale_item": false, "is_weight_item": false, "is_available_in_all_stores": false, "is_batch_item": false}
{"id": 413286, "name": "TZATZIKI", "underline": "200 GR. / ANTOS", "age_limit": null, "hazard_precaution_statements": [], "labels": [], "description": null, "info": "", "images": [{"small": "https://rema-product-images.digital.rema1000.dk/413286/1-small-A4Py3D1JqL.webp", "medium": "https://rema-product-images.digital.rema1000.dk/413286/1-medium-A4Py3D1JqL.webp", "large": "https://rema-product-images.digital.rema1000.dk/413286/1-large-A4Py3D1JqL.webp"}], "prices": [{"price": 12.95, "price_over_max_quantity": null, "max_quantity": null, "is_advertised": false, "is_campaign": false, "starting_at": "2024-05-22T00:00:00+00:00", "ending_at": "2099-12-31T00:00:00+00:00", "deposit": null, "compare_unit": "kg", "compare_unit_price": 64.75, "consumption_unit": null, "consumption_quantity": null}], "temperature_zone": "refrigerated_5_degrees_celsius", "is_self_scale_item": false, "is_weight_item": false, "is_available_in_all_stores": false, "is_batch_item": false}
{"id": 413301, "name": "SPANSK TAPAS", "underline": "165 GR. / M/2 CHARCUTERI & 2 OSTE", "age_limit": null, "hazard_precaution_statements": [], "labels": [], "description": null, "info": "", "images": [{"small": "https://rema-product-images.digital.rema1000.dk/413301/1-small-ElPBrXQjPk.webp", "medium": "https://rema-product-images.digital.rema1000.dk/413301/1-medium-ElPBrXQjPk.webp", "large": "https://rema-product-images.digital.rema1000.dk/413301/1-large-ElPBrXQjPk.webp"}], "prices": [{"price": 29.95, "price_over_max_quantity": null, "max_quantity": null, "is_advertised": false, "is_campaign": false, "starting_at": "2024-03-01T00:00:00+00:00", "ending_at": "2099-12-31T00:00:00+00:00", "deposit": null, "compare_unit": "kg", "compare_unit_price": 181.52, "consumption_unit": null, "consumption_quantity": null}], "temperature_zone": "refrigerated_5_degrees_celsius", "is_self_scale_item": false, "is_weight_item": false, "is_available_in_all_stores": false, "is_batch_item": false}
{"id": 413308, "name": "GROV REMOULADE I POSE", "underline": "250 GR. / K-SALAT", "age_limit": null, "hazard_precaution_statements": [], "labels": [], "description": null, "info": "", "images": [{"small": "https://rema-product-images.digital.rema1000.dk/413308/1-small-NpP70BQvoO.webp", "medium": "https://rema-product-images.digital.rema1000.dk/413308/1-medium-NpP70BQvoO.webp", "large": "https://rema-product-images.digital.rema1000.dk/413308/1-large-NpP70BQvoO.webp"}], "prices": [{"price": 16.95, "price_over_max_quantity": null, "max_quantity": null, "is_advertised": false, "is_campaign": false, "starting_at": "2024-01-04T00:00:00+00:00", "ending_at": "2099-12-31T00:00:00+00:00", "deposit": null, "compare_unit": "kg", "compare_unit_price": 67.8, "consumption_unit": null, "consumption_quantity": null}], "temperature_zone": "refrigerated_5_degrees_celsius", "is_self_scale_item": false, "is_weight_item": false, "is_available_in_all_stores": false, "is_batch_item": false}
{"id": 413312, "name": "GUL PESTO", "underline": "130 GR. / REMA 1000", "age_limit": null, "hazard_precaution_statements": [], "labels": [{"id": 2, "name": "REMA1000", "image": "https://static-assets.digital.rema1000.dk/product/labels/2-64.webp"}], "description": "<b>Discount med holdning</b><br />I REMA 1000 har vi fokus på kvalitet til lave priser og overskriften på vores arbejde er Discount med holdning.<br /> <br />Vi har en klar holdning til alle de varer, vi sælger. Vi stiller ikke kun krav til kvaliteten af vores egne mærkevarer – det er også vigtigt for os, at emballagerne er designet til genanvendelse, at indholdet er uden problematiske stoffer, og at varerne er produceret ansvarligt samt mærket med tydelige og valide certificeringer.<br /><br /><b>Om denne vare</b><br />REMA 1000 gul pesto med peberfrugt og mandler er perfekt i en pastaret og i en sandwich eller panini.", "info": "", "images": [{"small": "https://rema-product-images.digital.rema1000.dk/413312/1-small-18oXKGxOPk.webp", "medium": "https://rema-product-images.digital.rema1000.dk/413312/1-medium-18oXKGxOPk.webp", "large": "https://rema-product-images.digital.rema1000.dk/413312/1-large-18oXKGxOPk.webp"}], "prices": [{"price": 16.95, "price_over_max_quantity": null, "max_quantity": null, "is_advertised": false, "is_campaign": false, "starting_at": "2022-06-09T00:00:00+00:00", "ending_at": "2099-12-31T00:00:00+00:00", "deposit": null, "compare_unit": "kg", "compare_unit_price": 130.38, "consumption_unit": null, "consumption_quantity": null}], "temperature_zone": "refrigerated_5_degrees_celsius", "is_self_scale_item": false, "is_weight_item": false, "is_available_in_all_stores": false, "is_batch_item": false}
{"id": 413320, "name": "MAYONNAISE I POSE", "underline": "250 ML. / K-SALAT", "age_limit": null, "hazard_precaution_statements": [], "labels": [], "description": null, "info": "", "images": [{"small": "https://rema-product-images.digital.rema1000.dk/413320/1-small-AKqeQ0gRqp.webp", "medium": "https://rema-product-images.digital.rema1000.dk/413320/1-medium-AKqeQ0gRqp.webp", "large": "https://rema-product-images.digital.rema1000.dk/413320/1-large-AKqeQ0gRqp.webp"}], "prices": [{"price": 16.95, "price_over_max_quantity": null, "max_quantity": null, "is_advertised": false, "is_campaign": false, "starting_at": "2024-01-04T00:00:00+00:00", "ending_at": "2099-12-31T00:00:00+00:00", "deposit": null, "compare_unit": "ltr", "compare_unit_price": 67.8, "consumption_unit": null, "consumption_quantity": null}], "temperature_zone": "refrigerated_5_degrees_celsius", "is_self_scale_item": false, "is_weight_item": false, "is_available_in_all_stores": true, "is_batch_item": false}
{"id": 413321, "name": "HUMMUS", "underline": "200 GR. / REMA 1000, KRYDRET KIKÆRTEPURÉ", "age_limit": null, "hazard_precaution_statements": [], "labels": [{"id": 2, "name": "REMA1000", "image": "https://static-assets.digital.rema1000.dk/product/labels/2-64.webp"}], "description": "<b>Discount med holdning</b><br />I REMA 1000 har vi fokus på kvalitet til lave priser og overskriften på vores arbejde er Discount med holdning.<br /> <br />Vi har en klar holdning til alle de varer, vi sælger. Vi stiller ikke kun krav til kvaliteten af vores egne mærkevarer – det er også vigtigt for os, at emballagerne er designet til genanvendelse, at indholdet er uden problematiske stoffer, og at varerne er produceret ansvarligt samt mærket med tydelige og valide certificeringer.<br /><br /><b>Om denne vare</b><br />REMA 1000 hummus er lavet på purérede kikærter og har en cremet konsistens. Denne hummus er god til pita- eller fladbrød, kyllingbryst eller som dyppelse til tapasbordet.", "info": "", "images": [{"small": "https://rema-product-images.digital.rema1000.dk/413321/1-small-bJ9Y7kxAoL.webp", "medium": "https://rema-product-images.digital.rema1000.dk/413321/1-medium-bJ9Y7kxAoL.webp", "large": "https://rema-product-images.digital.rema1000.dk/413321/1-large-bJ9Y7kxAoL.webp"}], "prices": [{"price": 13.75, "price_over_max_quantity": null, "max_quantity": null, "is_advertised": false, "is_campaign": false, "starting_at": "2024-08-08T00:00:00+00:00", "ending_at": "2099-12-31T00:00:00+00:00", "deposit": null, "compare_unit": "kg", "compare_unit_price": 68.75, "consumption_unit": null, "consumption_quantity": null}], "temperature_zone": "refrigerated_5_degrees_celsius", "is_self_scale_item": false, "is_weight_item": false, "is_available_in_all_stores": true, "is_batch_item": false}
{"id": 413380, "name": "FINTHAKKET SKINKESALAT", "underline": "150 GR. / K-SALAT", "age_limit": null, "hazard_precaution_statements": [], "labels": [{"id": 9001, "name": "Avisvare", "image": "https://static-assets.digital.rema1000.dk/product/labels/9001-64.webp"}], "description": null, "info": "", "images": [{"small": "https://rema-product-images.digital.rema1000.dk/413380/1-small-7doLrzyj96.webp", "medium": "https://rema-product-images.digital.rema1000.dk/413380/1-medium-7doLrzyj96.webp", "large": "https://rema-product-images.digital.rema1000.dk/413380/1-large-7doLrzyj96.webp"}], "prices": [{"price": 10, "price_over_max_quantity": 19.95, "max_quantity": 6, "is_advertised": true, "is_campaign": true, "starting_at": "2025-08-17T00:00:00+00:00", "ending_at": "2025-08-23T00:00:00+00:00", "deposit": null, "compare_unit": "kg", "compare_unit_price": 66.67, "consumption_unit": null, "consumption_quantity": null}, {"price": 19.95, "price_over_max_quantity": null, "max_quantity": null, "is_advertised": false, "is_campaign": false, "starting_at": "2025-08-24T00:00:00+00:00", "ending_at": "2025-09-10T00:00:00+00:00", "deposit": null, "compare_unit": "kg", "compare_unit_price": 133, "consumption_unit": null, "consumption_quantity": null}], "temperature_zone": "refrigerated_5_degrees_celsius", "is_self_scale_item": false, "is_weight_item": false, "is_available_in_all_stores": true, "is_batch_item": false}
{"id": 413382, "name": "KYLLING M/BACON", "underline": "150 GR. / K-SALAT", "age_limit": null, "hazard_precaution_statements": [], "labels": [{"id": 9001, "name": "Avisvare", "image": "https://static-assets.digital.rema1000.dk/product/labels/9001-64.webp"}], "description": null, "info": "", "images": [{"small": "https://rema-product-images.digital.rema1000.dk/413382/1-small-MBoNXd1p9v.webp", "medium": "https://rema-product-images.digital.rema1000.dk/413382/1-medium-MBoNXd1p9v.webp", "large": "https://rema-product-images.digital.rema1000.dk/413382/1-large-MBoNXd1p9v.webp"}], "prices": [{"price": 10, "price_over_max_quantity": 19.95, "max_quantity": 6, "is_advertised": true, "is_campaign": true, "starting_at": "2025-08-17T00:00:00+00:00", "ending_at": "2025-08-23T00:00:00+00:00", "deposit": null, "compare_unit": "kg", "compare_unit_price": 66.67, "consumption_unit": null, "consumption_quantity": null}, {"price": 19.95, "price_over_max_quantity": null, "max_quantity": null, "is_advertised": false, "is_campaign": false, "starting_at": "2025-08-24T00:00:00+00:00", "ending_at": "2025-09-10T00:00:00+00:00", "deposit": null, "compare_unit": "kg", "compare_unit_price": 133, "consumption_unit": null, "consumption_quantity": null}], "temperature_zone": "refrigerated_5_degrees_celsius", "is_self_scale_item": false, "is_weight_item": false, "is_available_in_all_stores": true, "is_batch_item": false}
{"id": 413384, "name": "KYLLINGE SALAT", "underline": "150 GR. / K-SALAT, MED CHILIMAYO, FYLDT MED GRØNTSAGER", "age_limit": null, "hazard_precaution_statements": [], "labels": [{"id": 9001, "name": "Avisvare", "image": "https://static-assets.digital.rema1000.dk/product/labels/9001-64.webp"}, {"id": 40, "name": "Nøglehul", "image": "https://static-assets.digital.rema1000.dk/product/labels/40-64.webp"}], "description": null, "info": "", "images": [{"small": "https://rema-product-images.digital.rema1000.dk/413384/1-small-rQqQwOGwPe.webp", "medium": "https://rema-product-images.digital.rema1000.dk/413384/1-medium-rQqQwOGwPe.webp", "large": "https://rema-product-images.digital.rema1000.dk/413384/1-large-rQqQwOGwPe.webp"}], "prices": [{"price": 10, "price_over_max_quantity": 17.95, "max_quantity": 6, "is_advertised": true, "is_campaign": true, "starting_at": "2025-08-17T00:00:00+00:00", "ending_at": "2025-08-23T00:00:00+00:00", "deposit": null, "compare_unit": "kg", "compare_unit_price": 66.67, "consumption_unit": null, "consumption_quantity": null}, {"price": 17.95, "price_over_max_quantity": null, "max_quantity": null, "is_advertised": false, "is_campaign": false, "starting_at": "2025-08-24T00:00:00+00:00", "ending_at": "2025-09-10T00:00:00+00:00", "deposit": null, "compare_unit": "kg", "compare_unit_price": 119.67, "consumption_unit": null, "consumption_quantity": null}], "temperature_zone": "refrigerated_5_degrees_celsius", "is_self_scale_item": false, "is_weight_item": false, "is_available_in_all_stores": true, "is_batch_item": false}
{"id": 413405, "name": "CITRON SAUCE", "underline": "250 ML. / JENSENS KØKKEN", "age_limit": null, "hazard_precaution_statements": [], "labels": [], "description": null, "info": "", "images": [{"small": "https://rema-product-images.digital.rema1000.dk/413405/1-small-xQq8WnyMoZ.webp", "medium": "https://rema-product-images.digital.rema1000.dk/413405/1-medium-xQq8WnyMoZ.webp", "large": "https://rema-product-images.digital.rema1000.dk/413405/1-large-xQq8WnyMoZ.webp"}], "prices": [{"price": 15.95, "price_over_max_quantity": null, "max_quantity": null, "is_advertised": false, "is_campaign": false, "starting_at": "2023-04-25T00:00:00+00:00", "ending_at": "2099-12-31T00:00:00+00:00", "deposit": null, "compare_unit": "ltr", "compare_unit_price": 63.8, "consumption_unit": null, "consumption_quantity": null}], "temperature_zone": "refrigerated_5_degrees_celsius", "is_self_scale_item": false, "is_weight_item": false, "is_available_in_all_stores": false, "is_batch_item": false}
{"id": 413412, "name": "FAVORIT SAUCE", "underline": "250 ML. / JENSENS KØKKEN", "age_limit": null, "hazard_precaution_statements": [], "labels": [], "description": null, "info": "", "images": [{"small": "https://rema-product-images.digital.rema1000.dk/413412/1-small-18oXKG20Pk.webp", "medium": "https://rema-product-images.digital.rema1000.dk/413412/1-medium-18oXKG20Pk.webp", "large": "https://rema-product-images.digital.rema1000.dk/413412/1-large-18oXKG20Pk.webp"}], "prices": [{"price": 15.95, "price_over_max_quantity": null, "max_quantity": null, "is_advertised": false, "is_campaign": false, "starting_at": "2023-08-03T00:00:00+00:00", "ending_at": "2099-12-31T00:00:00+00:00", "deposit": null, "compare_unit": "ltr", "compare_unit_price": 63.8, "consumption_unit": null, "consumption_quantity": null}], "temperature_zone": "refrigerated_5_degrees_celsius", "is_self_scale_item": false, "is_weight_item": false, "is_available_in_all_stores": true, "is_batch_item": false}
{"id": 413422, "name": "BACON BEARNAISESAUCE", "underline": "250 ML. / JENSENS KØKKEN", "age_limit": null, "hazard_precaution_statements": [], "labels": [], "description": null, "info": "", "images": [{"small": "https://rema-product-images.digital.rema1000.dk/413422/1-small-pyozb2Y1oX.webp", "medium": "https://rema-product-images.digital.rema1000.dk/413422/1-medium-pyozb2Y1oX.webp", "large": "https://rema-product-images.digital.rema1000.dk/413422/1-large-pyozb2Y1oX.webp"}], "prices": [{"price": 15.95, "price_over_max_quantity": null, "max_quantity": null, "is_advertised": false, "is_campaign": false, "starting_at": "2024-11-19T00:00:00+00:00", "ending_at": "2099-12-31T00:00:00+00:00", "deposit": null, "compare_unit": "ltr", "compare_unit_price": 63.8, "consumption_unit": null, "consumption_quantity": null}], "temperature_zone": "refrigerated_5_degrees_celsius", "is_self_scale_item": false, "is_weight_item": false, "is_available_in_all_stores": false, "is_batch_item": false}
{"id": 413451, "name": "PEBERSAUCE", "underline": "250 ML. / STANGE", "age_limit": null, "hazard_precaution_statements": [], "labels": [], "description": null, "info": "", "images": [{"small": "https://rema-product-images.digital.rema1000.dk/413451/1-small-v09glX5ePA.webp", "medium": "https://rema-product-images.digital.rema1000.dk/413451/1-medium-v09glX5ePA.webp", "large": "https://rema-product-images.digital.rema1000.dk/413451/1-large-v09glX5ePA.webp"}], "prices": [{"price": 14.95, "price_over_max_quantity": null, "max_quantity": null, "is_advertised": false, "is_campaign": false, "starting_at": "2024-01-09T00:00:00+00:00", "ending_at": "2099-12-31T00:00:00+00:00", "deposit": null, "compare_unit": "ltr", "compare_unit_price": 59.8, "consumption_unit": null, "consumption_quantity": null}], "temperature_zone": "refrigerated_5_degrees_celsius", "is_self_scale_item": false, "is_weight_item": false, "is_available_in_all_stores": true, "is_batch_item": false}
{"id": 413452, "name": "SVAMPESAUCE", "underline": "250 ML. / STANGE", "age_limit": null, "hazard_precaution_statements": [], "labels": [], "description": null, "info": "", "images": [{"small": "https://rema-product-images.digital.rema1000.dk/413452/1-small-NpP70B5loO.webp", "medium": "https://rema-product-images.digital.rema1000.dk/413452/1-medium-NpP70B5loO.webp", "large": "https://rema-product-images.digital.rema1000.dk/413452/1-large-NpP70B5loO.webp"}], "prices": [{"price": 14.95, "price_over_max_quantity": null, "max_quantity": null, "is_advertised": false, "is_campaign": false, "starting_at": "2024-01-09T00:00:00+00:00", "ending_at": "2099-12-31T00:00:00+00:00", "deposit": null, "compare_unit": "ltr", "compare_unit_price": 59.8, "consumption_unit": null, "consumption_quantity": null}], "temperature_zone": "refrigerated_5_degrees_celsius", "is_self_scale_item": false, "is_weight_item": false, "is_available_in_all_stores": false, "is_batch_item": false}
{"id": 413599, "name": "KROSALAMI", "underline": "500 GR. / SLAGTER LAMPE", "age_limit": null, "hazard_precaution_statements": [], "labels": [], "description": null, "info": "", "images": [{"small": "https://rema-product-images.digital.rema1000.dk/413599/1-small-A5qV8WMwPa.webp", "medium": "https://rema-product-images.digital.rema1000.dk/413599/1-medium-A5qV8WMwPa.webp", "large": "https://rema-product-images.digital.rema1000.dk/413599/1-large-A5qV8WMwPa.webp"}], "prices": [{"price": 64.95, "price_over_max_quantity": null, "max_quantity": null, "is_advertised": false, "is_campaign": false, "starting_at": "2022-11-24T00:00:00+00:00", "ending_at": "2099-12-31T00:00:00+00:00", "deposit": null, "compare_unit": "kg", "compare_unit_price": 129.9, "consumption_unit": null, "consumption_quantity": null}], "temperature_zone": "refrigerated_5_degrees_celsius", "is_self_scale_item": false, "is_weight_item": false, "is_available_in_all_stores": false, "is_batch_item": false}
{"id": 413614, "name": "CERVELATPØLSE", "underline": "300 GR. / LEIF HENRIKSEN", "age_limit": null, "hazard_precaution_statements": [], "labels": [{"id": 70, "name": "Dansk", "image": "https://static-assets.digital.rema1000.dk/product/labels/70-64.webp"}], "description": null, "info": "", "images": [{"small": "https://rema-product-images.digital.rema1000.dk/413614/1-small-3MovgO58qA.webp", "medium": "https://rema-product-images.digital.rema1000.dk/413614/1-medium-3MovgO58qA.webp", "large": "https://rema-product-images.digital.rema1000.dk/413614/1-large-3MovgO58qA.webp"}], "prices": [{"price": 18.95, "price_over_max_quantity": null, "max_quantity": null, "is_advertised": false, "is_campaign": false, "starting_at": "2023-06-01T00:00:00+00:00", "ending_at": "2099-12-31T00:00:00+00:00", "deposit": null, "compare_unit": "kg", "compare_unit_price": 63.17, "consumption_unit": null, "consumption_quantity": null}], "temperature_zone": "refrigerated_5_degrees_celsius", "is_self_scale_item": false, "is_weight_item": false, "is_available_in_all_stores": false, "is_batch_item": false}
{"id": 413616, "name": "GL. DAGS SPEGEPØLSE", "underline": "400 GR. / LEIF HENRIKSEN", "age_limit": null, "hazard_precaution_statements": [], "labels": [{"id": 70, "name": "Dansk", "image": "https://static-assets.digital.rema1000.dk/product/labels/70-64.webp"}], "description": null, "info": "", "images": [{"small": "https://rema-product-images.digital.rema1000.dk/413616/1-small-6xqA8VE7oD.webp", "medium": "https://rema-product-images.digital.rema1000.dk/413616/1-medium-6xqA8VE7oD.webp", "large": "https://rema-product-images.digital.rema1000.dk/413616/1-large-6xqA8VE7oD.webp"}], "prices": [{"price": 39.95, "price_over_max_quantity": null, "max_quantity": null, "is_advertised": false, "is_campaign": false, "starting_at": "2023-06-01T00:00:00+00:00", "ending_at": "2099-12-31T00:00:00+00:00", "deposit": null, "compare_unit": "kg", "compare_unit_price": 99.88, "consumption_unit": null, "consumption_quantity": null}], "temperature_zone": "refrigerated_5_degrees_celsius", "is_self_scale_item": false, "is_weight_item": false, "is_available_in_all_stores": false, "is_batch_item": false}
{"id": 413625, "name": "GULDLEVERPØLSE", "underline": "400 GR. / SLAGTER LAMPE", "age_limit": null, "hazard_precaution_statements": [], "labels": [], "description": null, "info": "", "images": [{"small": "https://rema-product-images.digital.rema1000.dk/413625/1-small-Ea910WlYqz.webp", "medium": "https://rema-product-images.digital.rema1000.dk/413625/1-medium-Ea910WlYqz.webp", "large": "https://rema-product-images.digital.rema1000.dk/413625/1-large-Ea910WlYqz.webp"}], "prices": [{"price": 27.95, "price_over_max_quantity": null, "max_quantity": null, "is_advertised": false, "is_campaign": false, "starting_at": "2022-11-24T00:00:00+00:00", "ending_at": "2025-09-13T00:00:00+00:00", "deposit": null, "compare_unit": "kg", "compare_unit_price": 69.88, "consumption_unit": null, "consumption_quantity": null}], "temperature_zone": "refrigerated_5_degrees_celsius", "is_self_scale_item": false, "is_weight_item": false, "is_available_in_all_stores": true, "is_batch_item": false}
{"id": 413626, "name": "KARTOFFEL SPEGEPØLSE", "underline": "300 GR. / SLAGTER LAMPE", "age_limit": null, "hazard_precaution_statements": [], "labels": [], "description": null, "info": "", "images": [{"small": "https://rema-product-images.digital.rema1000.dk/413626/1-small-kOq3rGQJo6.webp", "medium": "https://rema-product-images.digital.rema1000.dk/413626/1-medium-kOq3rGQJo6.webp", "large": "https://rema-product-images.digital.rema1000.dk/413626/1-large-kOq3rGQJo6.webp"}], "prices": [{"price": 36.95, "price_over_max_quantity": null, "max_quantity": null, "is_advertised": false, "is_campaign": false, "starting_at": "2022-11-24T00:00:00+00:00", "ending_at": "2025-09-13T00:00:00+00:00", "deposit": null, "compare_unit": "kg", "compare_unit_price": 123.17, "consumption_unit": null, "consumption_quantity": null}], "temperature_zone": "refrigerated_5_degrees_celsius", "is_self_scale_item": false, "is_weight_item": false, "is_available_in_all_stores": true, "is_batch_item": false}
{"id": 413631, "name": "SPEGEPØLSE", "underline": "300 GR. / SØNDERJYSK, SLAGTER LAMPE", "age_limit": null, "hazard_precaution_statements": [], "labels": [], "description": null, "info": "", "images": [{"small": "https://rema-product-images.digital.rema1000.dk/413631/1-small-01q2DjlZP7.webp", "medium": "https://rema-product-images.digital.rema1000.dk/413631/1-medium-01q2DjlZP7.webp", "large": "https://rema-product-images.digital.rema1000.dk/413631/1-large-01q2DjlZP7.webp"}], "prices": [{"price": 36.95, "price_over_max_quantity": null, "max_quantity": null, "is_advertised": false, "is_campaign": false, "starting_at": "2022-11-24T00:00:00+00:00", "ending_at": "2025-09-13T00:00:00+00:00", "deposit": null, "compare_unit": "kg", "compare_unit_price": 123.17, "consumption_unit": null, "consumption_quantity": null}], "temperature_zone": "refrigerated_5_degrees_celsius", "is_self_scale_item": false, "is_weight_item": false, "is_available_in_all_stores": true, "is_batch_item": false}
{"id": 413645, "name": "PICKLES", "underline": "150 GR. / K-SALAT", "age_limit": null, "hazard_precaution_statements": [], "labels": [{"id": 9001, "name": "Avisvare", "image": "https://static-assets.digital.rema1000.dk/product/labels/9001-64.webp"}], "description": null, "info": "", "images": [{"small": "https://rema-product-images.digital.rema1000.dk/413645/1-small-ElPBrXl1Pk.webp", "medium": "https://rema-product-images.digital.rema1000.dk/413645/1-medium-ElPBrXl1Pk.webp", "large": "https://rema-product-images.digital.rema1000.dk/413645/1-large-ElPBrXl1Pk.webp"}], "prices": [{"price": 10, "price_over_max_quantity": 14.95, "max_quantity": 6, "is_advertised": true, "is_campaign": true, "starting_at": "2025-08-17T00:00:00+00:00", "ending_at": "2025-08-23T00:00:00+00:00", "deposit": null, "compare_unit": "kg", "compare_unit_price": 66.67, "consumption_unit": null, "consumption_quantity": null}, {"price": 14.95, "price_over_max_quantity": null, "max_quantity": null, "is_advertised": false, "is_campaign": false, "starting_at": "2025-08-24T00:00:00+00:00", "ending_at": "2025-09-10T00:00:00+00:00", "deposit": null, "compare_unit": "kg", "compare_unit_price": 99.67, "consumption_unit": null, "consumption_quantity": null}], "temperature_zone": "refrigerated_5_degrees_celsius", "is_self_scale_item": false, "is_weight_item": false, "is_available_in_all_stores": false, "is_batch_item": false}
{"id": 413650, "name": "HAMMEL SPEGEPØLSE", "underline": "100 GR. / DELIKA, ORIGINAL", "age_limit": null, "hazard_precaution_statements": [], "labels": [], "description": null, "info": "", "images": [{"small": "https://rema-product-images.digital.rema1000.dk/413650/1-small-vVor0ZX893.webp", "medium": "https://rema-product-images.digital.rema1000.dk/413650/1-medium-vVor0ZX893.webp", "large": "https://rema-product-images.digital.rema1000.dk/413650/1-large-vVor0ZX893.webp"}], "prices": [{"price": 19.95, "price_over_max_quantity": null, "max_quantity": null, "is_advertised": false, "is_campaign": false, "starting_at": "2024-07-25T00:00:00+00:00", "ending_at": "2099-12-31T00:00:00+00:00", "deposit": null, "compare_unit": "kg", "compare_unit_price": 199.5, "consumption_unit": null, "consumption_quantity": null}], "temperature_zone": "refrigerated_5_degrees_celsius", "is_self_scale_item": false, "is_weight_item": false, "is_available_in_all_stores": true, "is_batch_item": false}
{"id": 413675, "name": "SKY M/CHAMPIGNON", "underline": "200 GR. / REMA 1000", "age_limit": null, "hazard_precaution_statements": [], "labels": [{"id": 2, "name": "REMA1000", "image": "https://static-assets.digital.rema1000.dk/product/labels/2-64.webp"}], "description": "<b>Discount med holdning</b><br />I REMA 1000 har vi fokus på kvalitet til lave priser og overskriften på vores arbejde er Discount med holdning.<br /> <br />Vi har en klar holdning til alle de varer, vi sælger. Vi stiller ikke kun krav til kvaliteten af vores egne mærkevarer – det er også vigtigt for os, at emballagerne er designet til genanvendelse, at indholdet er uden problematiske stoffer, og at varerne er produceret ansvarligt samt mærket med tydelige og valide certificeringer.<br /><br /><b>Om denne vare</b><br />REMA 1000 sky med champignon er et fremragende pålægstilbehør til det klassiske danske frokostbord. Fx på en god rullepølsemad.", "info": "", "images": [{"small": "https://rema-product-images.digital.rema1000.dk/413675/1-small-01q2DjLZP7.webp", "medium": "https://rema-product-images.digital.rema1000.dk/413675/1-medium-01q2DjLZP7.webp", "large": "https://rema-product-images.digital.rema1000.dk/413675/1-large-01q2DjLZP7.webp"}], "prices": [{"price": 7.95, "price_over_max_quantity": null, "max_quantity": null, "is_advertised": false, "is_campaign": false, "starting_at": "2022-06-23T00:00:00+00:00", "ending_at": "2099-12-31T00:00:00+00:00", "deposit": null, "compare_unit": "kg", "compare_unit_price": 39.75, "consumption_unit": null, "consumption_quantity": null}], "temperature_zone": "refrigerated_5_degrees_celsius", "is_self_scale_item": false, "is_weight_item": false, "is_available_in_all_stores": false, "is_batch_item": false}
{"id": 413676, "name": "SKY", "underline": "200 GR. / REMA 1000", "age_limit": null, "hazard_precaution_statements": [], "labels": [{"id": 2, "name": "REMA1000", "image": "https://static-assets.digital.rema1000.dk/product/labels/2-64.webp"}], "description": "<b>Discount med holdning</b><br />I REMA 1000 har vi fokus på kvalitet til lave priser og overskriften på vores arbejde er Discount med holdning.<br /> <br />Vi har en klar holdning til alle de varer, vi sælger. Vi stiller ikke kun krav til kvaliteten af vores egne mærkevarer – det er også vigtigt for os, at emballagerne er designet til genanvendelse, at indholdet er uden problematiske stoffer, og at varerne er produceret ansvarligt samt mærket med tydelige og valide certificeringer.<br /><br /><b>Om denne vare</b><br />REMA 1000 sky er et fremragende pålægstilbehør til det klassiske danske frokostbord. Fx på en god rullepølsemad.", "info": "", "images": [{"small": "https://rema-product-images.digital.rema1000.dk/413676/1-small-nDPWVjvK9W.webp", "medium": "https://rema-product-images.digital.rema1000.dk/413676/1-medium-nDPWVjvK9W.webp", "large": "https://rema-product-images.digital.rema1000.dk/413676/1-large-nDPWVjvK9W.webp"}], "prices": [{"price": 7.5, "price_over_max_quantity": null, "max_quantity": null, "is_advertised": false, "is_campaign": false, "starting_at": "2022-06-23T00:00:00+00:00", "ending_at": "2099-12-31T00:00:00+00:00", "deposit": null, "compare_unit": "kg", "compare_unit_price": 37.5, "consumption_unit": null, "consumption_quantity": null}], "temperature_zone": "refrigerated_5_degrees_celsius", "is_self_scale_item": false, "is_weight_item": false, "is_available_in_all_stores": true, "is_batch_item": false}
{"id": 413728, "name": "RØGET LANDSKINKE", "underline": "0.9 KG. / NØRMARK MEAT", "age_limit": null, "hazard_precaution_statements": [], "labels": [], "description": null, "info": "", "images": [{"small": "https://rema-product-images.digital.rema1000.dk/413728/1-small-xyqalrk8oD.webp", "medium": "https://rema-product-images.digital.rema1000.dk/413728/1-medium-xyqalrk8oD.webp", "large": "https://rema-product-images.digital.rema1000.dk/413728/1-large-xyqalrk8oD.webp"}], "prices": [{"price": 61.11, "price_over_max_quantity": null, "max_quantity": null, "is_advertised": false, "is_campaign": false, "starting_at": "2024-12-19T00:00:00+00:00", "ending_at": "2099-12-31T00:00:00+00:00", "deposit": null, "compare_unit": "kg", "compare_unit_price": 67.9, "consumption_unit": null, "consumption_quantity": null}], "temperature_zone": "refrigerated_5_degrees_celsius", "is_self_scale_item": false, "is_weight_item": true, "is_available_in_all_stores": false, "is_batch_item": false}
{"id": 413730, "name": "RØGET HAMBURGERRYG", "underline": "1.05 KG. / REMA 1000", "age_limit": null, "hazard_precaution_statements": [], "labels": [{"id": 2, "name": "REMA1000", "image": "https://static-assets.digital.rema1000.dk/product/labels/2-64.webp"}, {"id": 40, "name": "Nøglehul", "image": "https://static-assets.digital.rema1000.dk/product/labels/40-64.webp"}, {"id": 70, "name": "Dansk", "image": "https://static-assets.digital.rema1000.dk/product/labels/70-64.webp"}], "description": "<b>Discount med holdning</b><br />I REMA 1000 har vi fokus på kvalitet til lave priser og overskriften på vores arbejde er Discount med holdning.<br /> <br />Vi har en klar holdning til alle de varer, vi sælger. Vi stiller ikke kun krav til kvaliteten af vores egne mærkevarer – det er også vigtigt for os, at emballagerne er designet til genanvendelse, at indholdet er uden problematiske stoffer, og at varerne er produceret ansvarligt samt mærket med tydelige og valide certificeringer.<br /><br /><b>Om denne vare</b><br />﻿REMA 1000 røget hamburgerryg er god til det klassiske danske frokost- eller middagsbord. Fx i en fyldig frokostsandwich eller på middagsbordet sammen med en sprød salat.", "info": "", "images": [{"small": "https://rema-product-images.digital.rema1000.dk/413730/1-small-869Djv8boM.webp", "medium": "https://rema-product-images.digital.rema1000.dk/413730/1-medium-869Djv8boM.webp", "large": "https://rema-product-images.digital.rema1000.dk/413730/1-large-869Djv8boM.webp"}], "prices": [{"price": 88.1, "price_over_max_quantity": null, "max_quantity": null, "is_advertised": false, "is_campaign": false, "starting_at": "2023-03-09T00:00:00+00:00", "ending_at": "2099-12-31T00:00:00+00:00", "deposit": null, "compare_unit": "kg", "compare_unit_price": 83.9, "consumption_unit": null, "consumption_quantity": null}], "temperature_zone": "refrigerated_5_degrees_celsius", "is_self_scale_item": false, "is_weight_item": true, "is_available_in_all_stores": true, "is_batch_item": false}
{"id": 413731, "name": "RØGET BACON", "underline": "0.8 KG. / REMA 1000", "age_limit": null, "hazard_precaution_statements": [], "labels": [{"id": 2, "name": "REMA1000", "image": "https://static-assets.digital.rema1000.dk/product/labels/2-64.webp"}, {"id": 70, "name": "Dansk", "image": "https://static-assets.digital.rema1000.dk/product/labels/70-64.webp"}], "description": "<b>Discount med holdning</b><br />I REMA 1000 har vi fokus på kvalitet til lave priser og overskriften på vores arbejde er Discount med holdning.<br /> <br />Vi har en klar holdning til alle de varer, vi sælger. Vi stiller ikke kun krav til kvaliteten af vores egne mærkevarer – det er også vigtigt for os, at emballagerne er designet til genanvendelse, at indholdet er uden problematiske stoffer, og at varerne er produceret ansvarligt samt mærket med tydelige og valide certificeringer.<br /><br /><b>Om denne vare</b><br />﻿REMA 1000 røget bacon er god til det klassiske danske frokost- eller middagsbord. Fx til stegt flæsk, æggekage eller som ingrediens til simreretter.", "info": "", "images": [{"small": "https://rema-product-images.digital.rema1000.dk/413731/1-small-01q2DjpvP7.webp", "medium": "https://rema-product-images.digital.rema1000.dk/413731/1-medium-01q2DjpvP7.webp", "large": "https://rema-product-images.digital.rema1000.dk/413731/1-large-01q2DjpvP7.webp"}], "prices": [{"price": 67.12, "price_over_max_quantity": null, "max_quantity": null, "is_advertised": false, "is_campaign": false, "starting_at": "2023-03-09T00:00:00+00:00", "ending_at": "2099-12-31T00:00:00+00:00", "deposit": null, "compare_unit": "kg", "compare_unit_price": 83.9, "consumption_unit": null, "consumption_quantity": null}], "temperature_zone": "refrigerated_5_degrees_celsius", "is_self_scale_item": false, "is_weight_item": true, "is_available_in_all_stores": true, "is_batch_item": false}
{"id": 413746, "name": "RØGET SPÆK", "underline": "0.5 KG. / DELIKA", "age_limit": null, "hazard_precaution_statements": [], "labels": [], "description": null, "info": "", "images": [{"small": "https://rema-product-images.digital.rema1000.dk/413746/1-small-kAonr6YGox.webp", "medium": "https://rema-product-images.digital.rema1000.dk/413746/1-medium-kAonr6YGox.webp", "large": "https://rema-product-images.digital.rema1000.dk/413746/1-large-kAonr6YGox.webp"}], "prices": [{"price": 32.95, "price_over_max_quantity": null, "max_quantity": null, "is_advertised": false, "is_campaign": false, "starting_at": "2022-03-31T00:00:00+00:00", "ending_at": "2099-12-31T00:00:00+00:00", "deposit": null, "compare_unit": "kg", "compare_unit_price": 65.9, "consumption_unit": null, "consumption_quantity": null}], "temperature_zone": "refrigerated_5_degrees_celsius", "is_self_scale_item": false, "is_weight_item": true, "is_available_in_all_stores": false, "is_batch_item": false}
{"id": 413924, "name": "KÅLPØLSER 4 STK.", "underline": "320 GR. / SLAGTER LAMPE", "age_limit": null, "hazard_precaution_statements": [], "labels": [], "description": null, "info": "", "images": [{"small": "https://rema-product-images.digital.rema1000.dk/413924/1-small-vXodYKglq3.webp", "medium": "https://rema-product-images.digital.rema1000.dk/413924/1-medium-vXodYKglq3.webp", "large": "https://rema-product-images.digital.rema1000.dk/413924/1-large-vXodYKglq3.webp"}], "prices": [{"price": 36.95, "price_over_max_quantity": null, "max_quantity": null, "is_advertised": false, "is_campaign": false, "starting_at": "2025-04-24T00:00:00+00:00", "ending_at": "2099-12-31T00:00:00+00:00", "deposit": null, "compare_unit": "kg", "compare_unit_price": 115.47, "consumption_unit": null, "consumption_quantity": null}], "temperature_zone": "refrigerated_5_degrees_celsius", "is_self_scale_item": false, "is_weight_item": false, "is_available_in_all_stores": false, "is_batch_item": false}
{"id": 413948, "name": "VEGANSK STEAK", "underline": "160 GR. / VEVIA, MED BBQ MARINADE", "age_limit": null, "hazard_precaution_statements": [], "labels": [], "description": null, "info": "", "images": [{"small": "https://rema-product-images.digital.rema1000.dk/413948/1-small-OJq5vLDB9p.webp", "medium": "https://rema-product-images.digital.rema1000.dk/413948/1-medium-OJq5vLDB9p.webp", "large": "https://rema-product-images.digital.rema1000.dk/413948/1-large-OJq5vLDB9p.webp"}], "prices": [{"price": 24.95, "price_over_max_quantity": null, "max_quantity": null, "is_advertised": false, "is_campaign": false, "starting_at": "2024-02-06T00:00:00+00:00", "ending_at": "2099-12-31T00:00:00+00:00", "deposit": null, "compare_unit": "kg", "compare_unit_price": 155.94, "consumption_unit": null, "consumption_quantity": null}], "temperature_zone": "refrigerated_5_degrees_celsius", "is_self_scale_item": false, "is_weight_item": false, "is_available_in_all_stores": false, "is_batch_item": false}
{"id": 413949, "name": "VEGANSKE STEAKS", "underline": "160 GR. / VEVIA, MED PAPRIKA MARINADE", "age_limit": null, "hazard_precaution_statements": [], "labels": [], "description": null, "info": "", "images": [{"small": "https://rema-product-images.digital.rema1000.dk/413949/1-small-xQq8WnjzoZ.webp", "medium": "https://rema-product-images.digital.rema1000.dk/413949/1-medium-xQq8WnjzoZ.webp", "large": "https://rema-product-images.digital.rema1000.dk/413949/1-large-xQq8WnjzoZ.webp"}], "prices": [{"price": 24.95, "price_over_max_quantity": null, "max_quantity": null, "is_advertised": false, "is_campaign": false, "starting_at": "2024-02-06T00:00:00+00:00", "ending_at": "2099-12-31T00:00:00+00:00", "deposit": null, "compare_unit": "kg", "compare_unit_price": 155.94, "consumption_unit": null, "consumption_quantity": null}], "temperature_zone": "refrigerated_5_degrees_celsius", "is_self_scale_item": false, "is_weight_item": false, "is_available_in_all_stores": false, "is_batch_item": false}
{"id": 413951, "name": "PLANTEPOSTEJ KLASSISK", "underline": "200 GR. / ØKOLOGISK", "age_limit": null, "hazard_precaution_statements": [], "labels": [{"id": 5, "name": "Økologi", "image": "https://static-assets.digital.rema1000.dk/product/labels/5-64.webp"}, {"id": 6, "name": "Økologi", "image": "https://static-assets.digital.rema1000.dk/product/labels/6-64.webp"}], "description": null, "info": "", "images": [{"small": "https://rema-product-images.digital.rema1000.dk/413951/1-small-v09glX0GPA.webp", "medium": "https://rema-product-images.digital.rema1000.dk/413951/1-medium-v09glX0GPA.webp", "large": "https://rema-product-images.digital.rema1000.dk/413951/1-large-v09glX0GPA.webp"}], "prices": [{"price": 18.95, "price_over_max_quantity": null, "max_quantity": null, "is_advertised": false, "is_campaign": false, "starting_at": "2025-07-23T00:00:00+00:00", "ending_at": "2099-12-31T00:00:00+00:00", "deposit": null, "compare_unit": "kg", "compare_unit_price": 94.75, "consumption_unit": null, "consumption_quantity": null}], "temperature_zone": "refrigerated_5_degrees_celsius", "is_self_scale_item": false, "is_weight_item": false, "is_available_in_all_stores": true, "is_batch_item": false}
{"id": 413952, "name": "VEGGIE SANDWICH-SKIVER", "underline": "80 GR. / KLASSISK, DEN GRØNNE SLAGTER", "age_limit": null, "hazard_precaution_statements": [], "labels": [], "description": null, "info": "", "images": [{"small": "https://rema-product-images.digital.rema1000.dk/413952/1-small-NpP70BVEoO.webp", "medium": "https://rema-product-images.digital.rema1000.dk/413952/1-medium-NpP70BVEoO.webp", "large": "https://rema-product-images.digital.rema1000.dk/413952/1-large-NpP70BVEoO.webp"}], "prices": [{"price": 14.95, "price_over_max_quantity": null, "max_quantity": null, "is_advertised": false, "is_campaign": false, "starting_at": "2020-11-20T00:00:00+00:00", "ending_at": "2025-09-06T00:00:00+00:00", "deposit": null, "compare_unit": "kg", "compare_unit_price": 186.88, "consumption_unit": null, "consumption_quantity": null}], "temperature_zone": "refrigerated_5_degrees_celsius", "is_self_scale_item": false, "is_weight_item": false, "is_available_in_all_stores": false, "is_batch_item": false}
{"id": 413958, "name": "VEGGIE PÅLÆG", "underline": "80 GR. / DEN GRØNNE SLAGTER, M/PEBERFRUGT", "age_limit": null, "hazard_precaution_statements": [], "labels": [], "description": null, "info": "", "images": [{"small": "https://rema-product-images.digital.rema1000.dk/413958/1-small-3MovgOEyqA.webp", "medium": "https://rema-product-images.digital.rema1000.dk/413958/1-medium-3MovgOEyqA.webp", "large": "https://rema-product-images.digital.rema1000.dk/413958/1-large-3MovgOEyqA.webp"}], "prices": [{"price": 14.95, "price_over_max_quantity": null, "max_quantity": null, "is_advertised": false, "is_campaign": false, "starting_at": "2019-06-27T00:00:00+00:00", "ending_at": "2025-09-06T00:00:00+00:00", "deposit": null, "compare_unit": "kg", "compare_unit_price": 186.88, "consumption_unit": null, "consumption_quantity": null}], "temperature_zone": "refrigerated_5_degrees_celsius", "is_self_scale_item": false, "is_weight_item": false, "is_available_in_all_stores": true, "is_batch_item": false}
{"id": 413997, "name": "BACONPOSTEJ", "underline": "250 GR. / DEN GRØNNE SLAGTER", "age_limit": null, "hazard_precaution_statements": [], "labels": [{"id": 40, "name": "Nøglehul", "image": "https://static-assets.digital.rema1000.dk/product/labels/40-64.webp"}], "description": null, "info": "", "images": [{"small": "https://rema-product-images.digital.rema1000.dk/413997/1-small-aboK1mm89p.webp", "medium": "https://rema-product-images.digital.rema1000.dk/413997/1-medium-aboK1mm89p.webp", "large": "https://rema-product-images.digital.rema1000.dk/413997/1-large-aboK1mm89p.webp"}], "prices": [{"price": 16.95, "price_over_max_quantity": null, "max_quantity": null, "is_advertised": false, "is_campaign": false, "starting_at": "2023-11-02T00:00:00+00:00", "ending_at": "2025-09-06T00:00:00+00:00", "deposit": null, "compare_unit": "kg", "compare_unit_price": 67.8, "consumption_unit": null, "consumption_quantity": null}], "temperature_zone": "refrigerated_5_degrees_celsius", "is_self_scale_item": false, "is_weight_item": false, "is_available_in_all_stores": true, "is_batch_item": false}
{"id": 414050, "name": "STOR LEVERPOSTEJ", "underline": "400 GR. / SLAGTER MESTER ANDERSEN", "age_limit": null, "hazard_precaution_statements": [], "labels": [], "description": null, "info": "", "images": [{"small": "https://rema-product-images.digital.rema1000.dk/414050/1-small-vVor0ZD493.webp", "medium": "https://rema-product-images.digital.rema1000.dk/414050/1-medium-vVor0ZD493.webp", "large": "https://rema-product-images.digital.rema1000.dk/414050/1-large-vVor0ZD493.webp"}], "prices": [{"price": 17.95, "price_over_max_quantity": null, "max_quantity": null, "is_advertised": false, "is_campaign": false, "starting_at": "2024-01-04T00:00:00+00:00", "ending_at": "2025-08-30T00:00:00+00:00", "deposit": null, "compare_unit": "kg", "compare_unit_price": 44.88, "consumption_unit": null, "consumption_quantity": null}], "temperature_zone": "refrigerated_5_degrees_celsius", "is_self_scale_item": false, "is_weight_item": false, "is_available_in_all_stores": true, "is_batch_item": false}
{"id": 414090, "name": "HVIDLØGSPATÈ", "underline": "250 GR. / REMA 1000, TUNNEL", "age_limit": null, "hazard_precaution_statements": [], "labels": [{"id": 9001, "name": "Avisvare", "image": "https://static-assets.digital.rema1000.dk/product/labels/9001-64.webp"}, {"id": 2, "name": "REMA1000", "image": "https://static-assets.digital.rema1000.dk/product/labels/2-64.webp"}], "description": "<b>Discount med holdning</b><br />I REMA 1000 har vi fokus på kvalitet til lave priser og overskriften på vores arbejde er Discount med holdning.<br /> <br />Vi har en klar holdning til alle de varer, vi sælger. Vi stiller ikke kun krav til kvaliteten af vores egne mærkevarer – det er også vigtigt for os, at emballagerne er designet til genanvendelse, at indholdet er uden problematiske stoffer, og at varerne er produceret ansvarligt samt mærket med tydelige og valide certificeringer.<br /><br /><b>Om denne vare</b><br />﻿REMA 1000s specialitet, paté hvidløg, er forarbejdet på traditionel vis efter belgisk opskrift for at give den gode smag. Denne paté er god til madpakken og til det klassiske danske frokostbord.", "info": "", "images": [{"small": "https://rema-product-images.digital.rema1000.dk/414090/1-small-kAonr6nBox.webp", "medium": "https://rema-product-images.digital.rema1000.dk/414090/1-medium-kAonr6nBox.webp", "large": "https://rema-product-images.digital.rema1000.dk/414090/1-large-kAonr6nBox.webp"}], "prices": [{"price": 12, "price_over_max_quantity": null, "max_quantity": null, "is_advertised": true, "is_campaign": true, "starting_at": "2025-08-17T00:00:00+00:00", "ending_at": "2025-08-23T00:00:00+00:00", "deposit": null, "compare_unit": "kg", "compare_unit_price": 48, "consumption_unit": null, "consumption_quantity": null}, {"price": 16.95, "price_over_max_quantity": null, "max_quantity": null, "is_advertised": false, "is_campaign": false, "starting_at": "2025-08-24T00:00:00+00:00", "ending_at": "2099-12-31T00:00:00+00:00", "deposit": null, "compare_unit": "kg", "compare_unit_price": 67.8, "consumption_unit": null, "consumption_quantity": null}], "temperature_zone": "refrigerated_5_degrees_celsius", "is_self_scale_item": false, "is_weight_item": false, "is_available_in_all_stores": true, "is_batch_item": false}
{"id": 414091, "name": "PATÉ GRØNNE PEBERKORN", "underline": "150 GR. / REMA 1000, SPECIALITETER", "age_limit": null, "hazard_precaution_statements": [], "labels": [{"id": 2, "name": "REMA1000", "image": "https://static-assets.digital.rema1000.dk/product/labels/2-64.webp"}], "description": "<b>Discount med holdning</b><br />I REMA 1000 har vi fokus på kvalitet til lave priser og overskriften på vores arbejde er Discount med holdning.<br /> <br />Vi har en klar holdning til alle de varer, vi sælger. Vi stiller ikke kun krav til kvaliteten af vores egne mærkevarer – det er også vigtigt for os, at emballagerne er designet til genanvendelse, at indholdet er uden problematiske stoffer, og at varerne er produceret ansvarligt samt mærket med tydelige og valide certificeringer.<br /><br /><b>Om denne vare</b><br />REMA 1000s specialitet, belgisk paté med grønne peberkorn, er forarbejdet på traditionel vis for at give den gode smag. Denne paté er god til madpakken og til det klassiske danske frokostbord.", "info": "", "images": [{"small": "https://rema-product-images.digital.rema1000.dk/414091/1-small-3MoMLZ7QP5.webp", "medium": "https://rema-product-images.digital.rema1000.dk/414091/1-medium-3MoMLZ7QP5.webp", "large": "https://rema-product-images.digital.rema1000.dk/414091/1-large-3MoMLZ7QP5.webp"}], "prices": [{"price": 11.95, "price_over_max_quantity": null, "max_quantity": null, "is_advertised": false, "is_campaign": false, "starting_at": "2023-01-26T00:00:00+00:00", "ending_at": "2099-12-31T00:00:00+00:00", "deposit": null, "compare_unit": "kg", "compare_unit_price": 79.67, "consumption_unit": null, "consumption_quantity": null}], "temperature_zone": "refrigerated_5_degrees_celsius", "is_self_scale_item": false, "is_weight_item": false, "is_available_in_all_stores": true, "is_batch_item": false}
{"id": 414093, "name": "PROVENCIALPATÉ", "underline": "250 GR. / REMA 1000, TUNNEL", "age_limit": null, "hazard_precaution_statements": [], "labels": [{"id": 9001, "name": "Avisvare", "image": "https://static-assets.digital.rema1000.dk/product/labels/9001-64.webp"}, {"id": 2, "name": "REMA1000", "image": "https://static-assets.digital.rema1000.dk/product/labels/2-64.webp"}], "description": "<b>Discount med holdning</b><br />I REMA 1000 har vi fokus på kvalitet til lave priser og overskriften på vores arbejde er Discount med holdning.<br /> <br />Vi har en klar holdning til alle de varer, vi sælger. Vi stiller ikke kun krav til kvaliteten af vores egne mærkevarer – det er også vigtigt for os, at emballagerne er designet til genanvendelse, at indholdet er uden problematiske stoffer, og at varerne er produceret ansvarligt samt mærket med tydelige og valide certificeringer.<br /><br /><b>Om denne vare</b><br />REMA 1000s specialitet, paté provencial, er forarbejdet på traditionel vis efter belgisk opskrift for at give den gode smag. Denne paté er god til madpakken og til det klassiske danske frokostbord.", "info": "", "images": [{"small": "https://rema-product-images.digital.rema1000.dk/414093/1-small-xQq8WnmOoZ.webp", "medium": "https://rema-product-images.digital.rema1000.dk/414093/1-medium-xQq8WnmOoZ.webp", "large": "https://rema-product-images.digital.rema1000.dk/414093/1-large-xQq8WnmOoZ.webp"}], "prices": [{"price": 12, "price_over_max_quantity": null, "max_quantity": null, "is_advertised": true, "is_campaign": true, "starting_at": "2025-08-17T00:00:00+00:00", "ending_at": "2025-08-23T00:00:00+00:00", "deposit": null, "compare_unit": "kg", "compare_unit_price": 48, "consumption_unit": null, "consumption_quantity": null}, {"price": 16.95, "price_over_max_quantity": null, "max_quantity": null, "is_advertised": false, "is_campaign": false, "starting_at": "2025-08-24T00:00:00+00:00", "ending_at": "2099-12-31T00:00:00+00:00", "deposit": null, "compare_unit": "kg", "compare_unit_price": 67.8, "consumption_unit": null, "consumption_quantity": null}], "temperature_zone": "refrigerated_5_degrees_celsius", "is_self_scale_item": false, "is_weight_item": false, "is_available_in_all_stores": false, "is_batch_item": false}
{"id": 414096, "name": "KRYDDERPATÉ", "underline": "250 GR. / FRILANDSGRIS", "age_limit": null, "hazard_precaution_statements": [], "labels": [{"id": 2, "name": "REMA1000", "image": "https://static-assets.digital.rema1000.dk/product/labels/2-64.webp"}, {"id": 190, "name": "Anbefalet af Dyrenes Beskyttelse", "image": "https://static-assets.digital.rema1000.dk/product/labels/190-64.webp"}, {"id": 203, "name": "Bedre dyrevelfærd 3", "image": "https://static-assets.digital.rema1000.dk/product/labels/203-64.webp"}], "description": null, "info": "", "images": [{"small": "https://rema-product-images.digital.rema1000.dk/414096/1-small-NpP70B12oO.webp", "medium": "https://rema-product-images.digital.rema1000.dk/414096/1-medium-NpP70B12oO.webp", "large": "https://rema-product-images.digital.rema1000.dk/414096/1-large-NpP70B12oO.webp"}], "prices": [{"price": 15.95, "price_over_max_quantity": null, "max_quantity": null, "is_advertised": false, "is_campaign": false, "starting_at": "2024-10-03T00:00:00+00:00", "ending_at": "2025-09-06T00:00:00+00:00", "deposit": null, "compare_unit": "kg", "compare_unit_price": 63.8, "consumption_unit": null, "consumption_quantity": null}], "temperature_zone": "refrigerated_5_degrees_celsius", "is_self_scale_item": false, "is_weight_item": false, "is_available_in_all_stores": false, "is_batch_item": false}
{"id": 414529, "name": "STORE GRILLPØLSER", "underline": "375 GR.", "age_limit": null, "hazard_precaution_statements": [], "labels": [], "description": null, "info": "", "images": [{"small": "https://rema-product-images.digital.rema1000.dk/414529/1-small-pYqxAL2291.webp", "medium": "https://rema-product-images.digital.rema1000.dk/414529/1-medium-pYqxAL2291.webp", "large": "https://rema-product-images.digital.rema1000.dk/414529/1-large-pYqxAL2291.webp"}], "prices": [{"price": 29.95, "price_over_max_quantity": null, "max_quantity": null, "is_advertised": false, "is_campaign": false, "starting_at": "2024-01-05T00:00:00+00:00", "ending_at": "2099-12-31T00:00:00+00:00", "deposit": null, "compare_unit": "kg", "compare_unit_price": 79.87, "consumption_unit": null, "consumption_quantity": null}], "temperature_zone": "refrigerated_5_degrees_celsius", "is_self_scale_item": false, "is_weight_item": false, "is_available_in_all_stores": false, "is_batch_item": false}
{"id": 414548, "name": "BAYERSKE PØLSER", "underline": "375 GR. / STEFF HOULBERG", "age_limit": null, "hazard_precaution_statements": [], "labels": [], "description": null, "info": "", "images": [{"small": "https://rema-product-images.digital.rema1000.dk/414548/1-small-OJq5vg7n9p.webp", "medium": "https://rema-product-images.digital.rema1000.dk/414548/1-medium-OJq5vg7n9p.webp", "large": "https://rema-product-images.digital.rema1000.dk/414548/1-large-OJq5vg7n9p.webp"}], "prices": [{"price": 32.95, "price_over_max_quantity": null, "max_quantity": null, "is_advertised": false, "is_campaign": false, "starting_at": "2024-10-24T00:00:00+00:00", "ending_at": "2025-08-20T00:00:00+00:00", "deposit": null, "compare_unit": "kg", "compare_unit_price": 87.87, "consumption_unit": null, "consumption_quantity": null}, {"price": 34.95, "price_over_max_quantity": null, "max_quantity": null, "is_advertised": false, "is_campaign": false, "starting_at": "2025-08-21T00:00:00+00:00", "ending_at": "2099-12-31T00:00:00+00:00", "deposit": null, "compare_unit": "kg", "compare_unit_price": 93.2, "consumption_unit": null, "consumption_quantity": null}], "temperature_zone": "refrigerated_5_degrees_celsius", "is_self_scale_item": false, "is_weight_item": false, "is_available_in_all_stores": true, "is_batch_item": false}
{"id": 414575, "name": "KÆMPEGRILLER", "underline": "360 GR. / MEGET MERE GRILL, MED CHEDDAROST", "age_limit": null, "hazard_precaution_statements": [], "labels": [], "description": null, "info": "", "images": [{"small": "https://rema-product-images.digital.rema1000.dk/414575/1-small-01q2D5BbP7.webp", "medium": "https://rema-product-images.digital.rema1000.dk/414575/1-medium-01q2D5BbP7.webp", "large": "https://rema-product-images.digital.rema1000.dk/414575/1-large-01q2D5BbP7.webp"}], "prices": [{"price": 29.95, "price_over_max_quantity": null, "max_quantity": null, "is_advertised": false, "is_campaign": false, "starting_at": "2023-04-27T00:00:00+00:00", "ending_at": "2099-12-31T00:00:00+00:00", "deposit": null, "compare_unit": "kg", "compare_unit_price": 83.19, "consumption_unit": null, "consumption_quantity": null}], "temperature_zone": "refrigerated_5_degrees_celsius", "is_self_scale_item": false, "is_weight_item": false, "is_available_in_all_stores": true, "is_batch_item": false}
{"id": 414802, "name": "STORE KLAUS", "underline": "450 GR. / STEFF HOULBERG", "age_limit": null, "hazard_precaution_statements": [], "labels": [], "description": null, "info": "", "images": [{"small": "https://rema-product-images.digital.rema1000.dk/414802/1-small-kAonr3xGox.webp", "medium": "https://rema-product-images.digital.rema1000.dk/414802/1-medium-kAonr3xGox.webp", "large": "https://rema-product-images.digital.rema1000.dk/414802/1-large-kAonr3xGox.webp"}], "prices": [{"price": 32.95, "price_over_max_quantity": null, "max_quantity": null, "is_advertised": false, "is_campaign": false, "starting_at": "2025-03-13T00:00:00+00:00", "ending_at": "2099-12-31T00:00:00+00:00", "deposit": null, "compare_unit": "kg", "compare_unit_price": 73.22, "consumption_unit": null, "consumption_quantity": null}], "temperature_zone": "refrigerated_5_degrees_celsius", "is_self_scale_item": false, "is_weight_item": false, "is_available_in_all_stores": false, "is_batch_item": false}
{"id": 41488, "name": "SOFT PITABRØD", "underline": "375 GR. / HATTING", "age_limit": null, "hazard_precaution_statements": [], "labels": [], "description": null, "info": "", "images": [{"small": "https://rema-product-images.digital.rema1000.dk/41488/1-small-xePw5wOqw8.webp", "medium": "https://rema-product-images.digital.rema1000.dk/41488/1-medium-xePw5wOqw8.webp", "large": "https://rema-product-images.digital.rema1000.dk/41488/1-large-xePw5wOqw8.webp"}], "prices": [{"price": 12.95, "price_over_max_quantity": null, "max_quantity": null, "is_advertised": false, "is_campaign": false, "starting_at": "2024-11-13T00:00:00+00:00", "ending_at": "2099-12-31T00:00:00+00:00", "deposit": null, "compare_unit": "kg", "compare_unit_price": 34.53, "consumption_unit": null, "consumption_quantity": null}], "temperature_zone": "frozen_18_degrees_celsius", "is_self_scale_item": false, "is_weight_item": false, "is_available_in_all_stores": false, "is_batch_item": false}
{"id": 41600, "name": "EDAMAME BØNNER", "underline": "300 GR. / REMA 1000", "age_limit": null, "hazard_precaution_statements": [], "labels": [{"id": 2, "name": "REMA1000", "image": "https://static-assets.digital.rema1000.dk/product/labels/2-64.webp"}, {"id": 40, "name": "Nøglehul", "image": "https://static-assets.digital.rema1000.dk/product/labels/40-64.webp"}], "description": null, "info": "", "images": [{"small": "https://rema-product-images.digital.rema1000.dk/41600/1-small-xePw551qw8.webp", "medium": "https://rema-product-images.digital.rema1000.dk/41600/1-medium-xePw551qw8.webp", "large": "https://rema-product-images.digital.rema1000.dk/41600/1-large-xePw551qw8.webp"}], "prices": [{"price": 14.95, "price_over_max_quantity": null, "max_quantity": null, "is_advertised": false, "is_campaign": false, "starting_at": "2020-09-16T00:00:00+00:00", "ending_at": "2025-09-06T00:00:00+00:00", "deposit": null, "compare_unit": "kg", "compare_unit_price": 49.83, "consumption_unit": null, "consumption_quantity": null}], "temperature_zone": "frozen_18_degrees_celsius", "is_self_scale_item": false, "is_weight_item": false, "is_available_in_all_stores": true, "is_batch_item": false}
{"id": 416603, "name": "GROVHAKKET POSTEJ", "underline": "175 GR. / STRYHNS", "age_limit": null, "hazard_precaution_statements": [], "labels": [], "description": "   ", "info": "", "images": [{"small": "https://rema-product-images.digital.rema1000.dk/416603/1-small-3MoML7KlP5.webp", "medium": "https://rema-product-images.digital.rema1000.dk/416603/1-medium-3MoML7KlP5.webp", "large": "https://rema-product-images.digital.rema1000.dk/416603/1-large-3MoML7KlP5.webp"}], "prices": [{"price": 14.95, "price_over_max_quantity": null, "max_quantity": null, "is_advertised": false, "is_campaign": false, "starting_at": "2024-04-04T00:00:00+00:00", "ending_at": "2099-12-31T00:00:00+00:00", "deposit": null, "compare_unit": "kg", "compare_unit_price": 85.43, "consumption_unit": null, "consumption_quantity": null}], "temperature_zone": "refrigerated_5_degrees_celsius", "is_self_scale_item": false, "is_weight_item": false, "is_available_in_all_stores": true, "is_batch_item": false}
{"id": 41661, "name": "GRILL & OVNGRØNT", "underline": "400 GR. / M.CITRON & HVIDLØG", "age_limit": null, "hazard_precaution_statements": [], "labels": [{"id": 2, "name": "REMA1000", "image": "https://static-assets.digital.rema1000.dk/product/labels/2-64.webp"}], "description": null, "info": "", "images": [{"small": "https://rema-product-images.digital.rema1000.dk/41661/1-small-Z8qp4rYq3N.webp", "medium": "https://rema-product-images.digital.rema1000.dk/41661/1-medium-Z8qp4rYq3N.webp", "large": "https://rema-product-images.digital.rema1000.dk/41661/1-large-Z8qp4rYq3N.webp"}], "prices": [{"price": 14.95, "price_over_max_quantity": null, "max_quantity": null, "is_advertised": false, "is_campaign": false, "starting_at": "2024-01-19T00:00:00+00:00", "ending_at": "2099-12-31T00:00:00+00:00", "deposit": null, "compare_unit": "kg", "compare_unit_price": 37.38, "consumption_unit": null, "consumption_quantity": null}], "temperature_zone": "frozen_18_degrees_celsius", "is_self_scale_item": false, "is_weight_item": false, "is_available_in_all_stores": true, "is_batch_item": false}
{"id": 416618, "name": "FRANSK POSTEJ", "underline": "160 GR. / STRYHNS", "age_limit": null, "hazard_precaution_statements": [], "labels": [], "description": null, "info": "", "images": [{"small": "https://rema-product-images.digital.rema1000.dk/416618/1-small-2B94WzRGqk.webp", "medium": "https://rema-product-images.digital.rema1000.dk/416618/1-medium-2B94WzRGqk.webp", "large": "https://rema-product-images.digital.rema1000.dk/416618/1-large-2B94WzRGqk.webp"}], "prices": [{"price": 14.95, "price_over_max_quantity": null, "max_quantity": null, "is_advertised": false, "is_campaign": false, "starting_at": "2024-04-04T00:00:00+00:00", "ending_at": "2099-12-31T00:00:00+00:00", "deposit": null, "compare_unit": "kg", "compare_unit_price": 93.44, "consumption_unit": null, "consumption_quantity": null}], "temperature_zone": "refrigerated_5_degrees_celsius", "is_self_scale_item": false, "is_weight_item": false, "is_available_in_all_stores": false, "is_batch_item": false}
{"id": 416625, "name": "BACON-PEBER POSTEJ", "underline": "275 GR. / STRYHN'S", "age_limit": null, "hazard_precaution_statements": [], "labels": [{"id": 9001, "name": "Avisvare", "image": "https://static-assets.digital.rema1000.dk/product/labels/9001-64.webp"}], "description": null, "info": "", "images": [{"small": "https://rema-product-images.digital.rema1000.dk/416625/1-small-Ea9106gaqz.webp", "medium": "https://rema-product-images.digital.rema1000.dk/416625/1-medium-Ea9106gaqz.webp", "large": "https://rema-product-images.digital.rema1000.dk/416625/1-large-Ea9106gaqz.webp"}], "prices": [{"price": 20, "price_over_max_quantity": null, "max_quantity": null, "is_advertised": true, "is_campaign": true, "starting_at": "2025-08-17T00:00:00+00:00", "ending_at": "2025-08-23T00:00:00+00:00", "deposit": null, "compare_unit": "kg", "compare_unit_price": 72.73, "consumption_unit": null, "consumption_quantity": null}, {"price": 24.95, "price_over_max_quantity": null, "max_quantity": null, "is_advertised": false, "is_campaign": false, "starting_at": "2025-08-24T00:00:00+00:00", "ending_at": "2025-09-13T00:00:00+00:00", "deposit": null, "compare_unit": "kg", "compare_unit_price": 90.73, "consumption_unit": null, "consumption_quantity": null}], "temperature_zone": "refrigerated_5_degrees_celsius", "is_self_scale_item": false, "is_weight_item": false, "is_available_in_all_stores": false, "is_batch_item": false}
{"id": 416641, "name": "GROVHAKKET LETPOSTEJ", "underline": "275 GR. / STRYHN'S", "age_limit": null, "hazard_precaution_statements": [], "labels": [{"id": 40, "name": "Nøglehul", "image": "https://static-assets.digital.rema1000.dk/product/labels/40-64.webp"}], "description": null, "info": "", "images": [{"small": "https://rema-product-images.digital.rema1000.dk/416641/1-small-we9Eaw6m9g.webp", "medium": "https://rema-product-images.digital.rema1000.dk/416641/1-medium-we9Eaw6m9g.webp", "large": "https://rema-product-images.digital.rema1000.dk/416641/1-large-we9Eaw6m9g.webp"}], "prices": [{"price": 22.95, "price_over_max_quantity": null, "max_quantity": null, "is_advertised": false, "is_campaign": false, "starting_at": "2023-01-19T00:00:00+00:00", "ending_at": "2025-09-06T00:00:00+00:00", "deposit": null, "compare_unit": "kg", "compare_unit_price": 83.45, "consumption_unit": null, "consumption_quantity": null}], "temperature_zone": "refrigerated_5_degrees_celsius", "is_self_scale_item": false, "is_weight_item": false, "is_available_in_all_stores": true, "is_batch_item": false}
{"id": 416650, "name": "BACONLEVERPOSTEJ", "underline": "200 GR. / TULIP, KLASSISK", "age_limit": null, "hazard_precaution_statements": [], "labels": [{"id": 70, "name": "Dansk", "image": "https://static-assets.digital.rema1000.dk/product/labels/70-64.webp"}], "description": null, "info": "", "images": [{"small": "https://rema-product-images.digital.rema1000.dk/416650/1-small-vVor0rdB93.webp", "medium": "https://rema-product-images.digital.rema1000.dk/416650/1-medium-vVor0rdB93.webp", "large": "https://rema-product-images.digital.rema1000.dk/416650/1-large-vVor0rdB93.webp"}], "prices": [{"price": 15.95, "price_over_max_quantity": null, "max_quantity": null, "is_advertised": false, "is_campaign": false, "starting_at": "2025-05-22T00:00:00+00:00", "ending_at": "2025-08-23T00:00:00+00:00", "deposit": null, "compare_unit": "kg", "compare_unit_price": 79.75, "consumption_unit": null, "consumption_quantity": null}], "temperature_zone": "refrigerated_5_degrees_celsius", "is_self_scale_item": false, "is_weight_item": false, "is_available_in_all_stores": true, "is_batch_item": false}
{"id": 416655, "name": "KYLLINGEPOSTEJ", "underline": "200 GR. / ØKO, REMA 1000", "age_limit": null, "hazard_precaution_statements": [], "labels": [{"id": 2, "name": "REMA1000", "image": "https://static-assets.digital.rema1000.dk/product/labels/2-64.webp"}, {"id": 5, "name": "Økologi", "image": "https://static-assets.digital.rema1000.dk/product/labels/5-64.webp"}, {"id": 6, "name": "Økologi", "image": "https://static-assets.digital.rema1000.dk/product/labels/6-64.webp"}], "description": "<b>Discount med holdning</b><br />I REMA 1000 har vi fokus på kvalitet til lave priser og overskriften på vores arbejde er Discount med holdning.<br /> <br />Vi har en klar holdning til alle de varer, vi sælger. Vi stiller ikke kun krav til kvaliteten af vores egne mærkevarer – det er også vigtigt for os, at emballagerne er designet til genanvendelse, at indholdet er uden problematiske stoffer, og at varerne er produceret ansvarligt samt mærket med tydelige og valide certificeringer.<br /><br /><b>Om denne vare</b><br />﻿REMA 1000 økologisk kyllingepostej er god til madpakken eller det klassiske danske frokostbord.", "info": "", "images": [{"small": "https://rema-product-images.digital.rema1000.dk/416655/1-small-A5qV8p03Pa.webp", "medium": "https://rema-product-images.digital.rema1000.dk/416655/1-medium-A5qV8p03Pa.webp", "large": "https://rema-product-images.digital.rema1000.dk/416655/1-large-A5qV8p03Pa.webp"}], "prices": [{"price": 14.95, "price_over_max_quantity": null, "max_quantity": null, "is_advertised": false, "is_campaign": false, "starting_at": "2019-03-04T00:00:00+00:00", "ending_at": "2025-08-23T00:00:00+00:00", "deposit": null, "compare_unit": "kg", "compare_unit_price": 74.75, "consumption_unit": null, "consumption_quantity": null}], "temperature_zone": "refrigerated_5_degrees_celsius", "is_self_scale_item": false, "is_weight_item": false, "is_available_in_all_stores": false, "is_batch_item": false}
{"id": 416656, "name": "KLASSISK LEVERPOSTEJ", "underline": "200 GR. / ØKO, REMA 1000, MÆLKEFRI", "age_limit": null, "hazard_precaution_statements": [], "labels": [{"id": 2, "name": "REMA1000", "image": "https://static-assets.digital.rema1000.dk/product/labels/2-64.webp"}, {"id": 5, "name": "Økologi", "image": "https://static-assets.digital.rema1000.dk/product/labels/5-64.webp"}, {"id": 6, "name": "Økologi", "image": "https://static-assets.digital.rema1000.dk/product/labels/6-64.webp"}, {"id": 38, "name": "Gluten fri", "image": "https://static-assets.digital.rema1000.dk/product/labels/38-64.webp"}], "description": "<b>Discount med holdning</b><br />I REMA 1000 har vi fokus på kvalitet til lave priser og overskriften på vores arbejde er Discount med holdning.<br /> <br />Vi har en klar holdning til alle de varer, vi sælger. Vi stiller ikke kun krav til kvaliteten af vores egne mærkevarer – det er også vigtigt for os, at emballagerne er designet til genanvendelse, at indholdet er uden problematiske stoffer, og at varerne er produceret ansvarligt samt mærket med tydelige og valide certificeringer.<br /><br /><b>Om denne vare</b><br />﻿REMA 1000 økologisk leverpostej er god til madpakken eller det klassiske danske frokostbord.", "info": "", "images": [{"small": "https://rema-product-images.digital.rema1000.dk/416656/1-small-18oXK6pOPk.webp", "medium": "https://rema-product-images.digital.rema1000.dk/416656/1-medium-18oXK6pOPk.webp", "large": "https://rema-product-images.digital.rema1000.dk/416656/1-large-18oXK6pOPk.webp"}], "prices": [{"price": 13.95, "price_over_max_quantity": null, "max_quantity": null, "is_advertised": false, "is_campaign": false, "starting_at": "2024-07-25T00:00:00+00:00", "ending_at": "2025-08-23T00:00:00+00:00", "deposit": null, "compare_unit": "kg", "compare_unit_price": 69.75, "consumption_unit": null, "consumption_quantity": null}], "temperature_zone": "refrigerated_5_degrees_celsius", "is_self_scale_item": false, "is_weight_item": false, "is_available_in_all_stores": true, "is_batch_item": false}
{"id": 417004, "name": "WRAPS KEBAB", "underline": "175 GR. /", "age_limit": null, "hazard_precaution_statements": [], "labels": [], "description": null, "info": "", "images": [{"small": "https://rema-product-images.digital.rema1000.dk/417004/1-small-OJq5vZxX9p.webp", "medium": "https://rema-product-images.digital.rema1000.dk/417004/1-medium-OJq5vZxX9p.webp", "large": "https://rema-product-images.digital.rema1000.dk/417004/1-large-OJq5vZxX9p.webp"}], "prices": [{"price": 21.95, "price_over_max_quantity": null, "max_quantity": null, "is_advertised": false, "is_campaign": false, "starting_at": "2025-01-06T00:00:00+00:00", "ending_at": "2025-09-06T00:00:00+00:00", "deposit": null, "compare_unit": "kg", "compare_unit_price": 125.43, "consumption_unit": null, "consumption_quantity": null}], "temperature_zone": "refrigerated_5_degrees_celsius", "is_self_scale_item": false, "is_weight_item": false, "is_available_in_all_stores": true, "is_batch_item": false}
{"id": 417005, "name": "SNITTET GRØNKÅL", "underline": "250 GR.", "age_limit": null, "hazard_precaution_statements": [], "labels": [{"id": 2, "name": "REMA1000", "image": "https://static-assets.digital.rema1000.dk/product/labels/2-64.webp"}, {"id": 40, "name": "Nøglehul", "image": "https://static-assets.digital.rema1000.dk/product/labels/40-64.webp"}], "description": null, "info": "", "images": [{"small": "https://rema-product-images.digital.rema1000.dk/417005/1-small-xQq8Wm22oZ.webp", "medium": "https://rema-product-images.digital.rema1000.dk/417005/1-medium-xQq8Wm22oZ.webp", "large": "https://rema-product-images.digital.rema1000.dk/417005/1-large-xQq8Wm22oZ.webp"}], "prices": [{"price": 20, "price_over_max_quantity": null, "max_quantity": null, "is_advertised": false, "is_campaign": false, "starting_at": "2023-08-01T00:00:00+00:00", "ending_at": "2099-12-31T00:00:00+00:00", "deposit": null, "compare_unit": "kg", "compare_unit_price": 80, "consumption_unit": null, "consumption_quantity": null}], "temperature_zone": "refrigerated_5_degrees_celsius", "is_self_scale_item": false, "is_weight_item": false, "is_available_in_all_stores": true, "is_batch_item": false}
{"id": 417006, "name": "KRØLLET SALATMIX", "underline": "125 GR. / READY TO SERVE", "age_limit": null, "hazard_precaution_statements": [], "labels": [{"id": 2, "name": "REMA1000", "image": "https://static-assets.digital.rema1000.dk/product/labels/2-64.webp"}, {"id": 40, "name": "Nøglehul", "image": "https://static-assets.digital.rema1000.dk/product/labels/40-64.webp"}], "description": null, "info": "", "images": [{"small": "https://rema-product-images.digital.rema1000.dk/417006/1-small-vVor0r6J93.webp", "medium": "https://rema-product-images.digital.rema1000.dk/417006/1-medium-vVor0r6J93.webp", "large": "https://rema-product-images.digital.rema1000.dk/417006/1-large-vVor0r6J93.webp"}], "prices": [{"price": 12, "price_over_max_quantity": null, "max_quantity": null, "is_advertised": false, "is_campaign": false, "starting_at": "2025-04-10T00:00:00+00:00", "ending_at": "2099-12-31T00:00:00+00:00", "deposit": null, "compare_unit": "kg", "compare_unit_price": 96, "consumption_unit": null, "consumption_quantity": null}], "temperature_zone": "refrigerated_5_degrees_celsius", "is_self_scale_item": false, "is_weight_item": false, "is_available_in_all_stores": true, "is_batch_item": false}
{"id": 417007, "name": "SALATBLANDING", "underline": "200 GR. / READY TO SERVE", "age_limit": null, "hazard_precaution_statements": [], "labels": [{"id": 2, "name": "REMA1000", "image": "https://static-assets.digital.rema1000.dk/product/labels/2-64.webp"}, {"id": 40, "name": "Nøglehul", "image": "https://static-assets.digital.rema1000.dk/product/labels/40-64.webp"}], "description": null, "info": "", "images": [{"small": "https://rema-product-images.digital.rema1000.dk/417007/1-small-v09glm7DPA.webp", "medium": "https://rema-product-images.digital.rema1000.dk/417007/1-medium-v09glm7DPA.webp", "large": "https://rema-product-images.digital.rema1000.dk/417007/1-large-v09glm7DPA.webp"}], "prices": [{"price": 10, "price_over_max_quantity": null, "max_quantity": null, "is_advertised": false, "is_campaign": false, "starting_at": "2022-06-09T00:00:00+00:00", "ending_at": "2099-12-31T00:00:00+00:00", "deposit": null, "compare_unit": "kg", "compare_unit_price": 50, "consumption_unit": null, "consumption_quantity": null}], "temperature_zone": "refrigerated_5_degrees_celsius", "is_self_scale_item": false, "is_weight_item": false, "is_available_in_all_stores": true, "is_batch_item": false}
{"id": 417011, "name": "WRAPS FALAFEL", "underline": "190 GR. / HUMMUS", "age_limit": null, "hazard_precaution_statements": [], "labels": [], "description": null, "info": "", "images": [{"small": "https://rema-product-images.digital.rema1000.dk/417011/1-small-A5qV8pD1Pa.webp", "medium": "https://rema-product-images.digital.rema1000.dk/417011/1-medium-A5qV8pD1Pa.webp", "large": "https://rema-product-images.digital.rema1000.dk/417011/1-large-A5qV8pD1Pa.webp"}], "prices": [{"price": 21.95, "price_over_max_quantity": null, "max_quantity": null, "is_advertised": false, "is_campaign": false, "starting_at": "2023-03-16T00:00:00+00:00", "ending_at": "2025-09-06T00:00:00+00:00", "deposit": null, "compare_unit": "kg", "compare_unit_price": 115.53, "consumption_unit": null, "consumption_quantity": null}], "temperature_zone": "refrigerated_5_degrees_celsius", "is_self_scale_item": false, "is_weight_item": false, "is_available_in_all_stores": false, "is_batch_item": false}
{"id": 417013, "name": "SALATMIX", "underline": "70 GR. / ØKO., SPÆDE SALATBLADE, READY TO SERVE", "age_limit": null, "hazard_precaution_statements": [], "labels": [{"id": 2, "name": "REMA1000", "image": "https://static-assets.digital.rema1000.dk/product/labels/2-64.webp"}, {"id": 5, "name": "Økologi", "image": "https://static-assets.digital.rema1000.dk/product/labels/5-64.webp"}, {"id": 6, "name": "Økologi", "image": "https://static-assets.digital.rema1000.dk/product/labels/6-64.webp"}, {"id": 40, "name": "Nøglehul", "image": "https://static-assets.digital.rema1000.dk/product/labels/40-64.webp"}], "description": null, "info": "", "images": [{"small": "https://rema-product-images.digital.rema1000.dk/417013/1-small-wyPbaxMW9E.webp", "medium": "https://rema-product-images.digital.rema1000.dk/417013/1-medium-wyPbaxMW9E.webp", "large": "https://rema-product-images.digital.rema1000.dk/417013/1-large-wyPbaxMW9E.webp"}], "prices": [{"price": 14, "price_over_max_quantity": null, "max_quantity": null, "is_advertised": false, "is_campaign": false, "starting_at": "2025-04-10T00:00:00+00:00", "ending_at": "2025-08-30T00:00:00+00:00", "deposit": null, "compare_unit": "kg", "compare_unit_price": 200, "consumption_unit": null, "consumption_quantity": null}], "temperature_zone": "refrigerated_5_degrees_celsius", "is_self_scale_item": false, "is_weight_item": false, "is_available_in_all_stores": true, "is_batch_item": false}
{"id": 417015, "name": "TÆRTE", "underline": "300 GR. / MED SKINKE & PORRE", "age_limit": null, "hazard_precaution_statements": [], "labels": [], "description": null, "info": "", "images": [{"small": "https://rema-product-images.digital.rema1000.dk/417015/1-small-KpqRBbZ3qL.webp", "medium": "https://rema-product-images.digital.rema1000.dk/417015/1-medium-KpqRBbZ3qL.webp", "large": "https://rema-product-images.digital.rema1000.dk/417015/1-large-KpqRBbZ3qL.webp"}], "prices": [{"price": 25, "price_over_max_quantity": null, "max_quantity": null, "is_advertised": false, "is_campaign": false, "starting_at": "2019-09-04T00:00:00+00:00", "ending_at": "2099-12-31T00:00:00+00:00", "deposit": null, "compare_unit": "kg", "compare_unit_price": 83.33, "consumption_unit": null, "consumption_quantity": null}], "temperature_zone": "refrigerated_5_degrees_celsius", "is_self_scale_item": false, "is_weight_item": false, "is_available_in_all_stores": true, "is_batch_item": false}
{"id": 417016, "name": "MIDDAGSRET", "underline": "400 GR. / M/PASTA, KYLLING & TOMAT-/MASCARPONESAUCE", "age_limit": null, "hazard_precaution_statements": [], "labels": [], "description": null, "info": "", "images": [{"small": "https://rema-product-images.digital.rema1000.dk/417016/1-small-6xqA8k5EoD.webp", "medium": "https://rema-product-images.digital.rema1000.dk/417016/1-medium-6xqA8k5EoD.webp", "large": "https://rema-product-images.digital.rema1000.dk/417016/1-large-6xqA8k5EoD.webp"}], "prices": [{"price": 29.95, "price_over_max_quantity": null, "max_quantity": null, "is_advertised": false, "is_campaign": false, "starting_at": "2023-01-05T00:00:00+00:00", "ending_at": "2099-12-31T00:00:00+00:00", "deposit": null, "compare_unit": "kg", "compare_unit_price": 74.88, "consumption_unit": null, "consumption_quantity": null}], "temperature_zone": "refrigerated_5_degrees_celsius", "is_self_scale_item": false, "is_weight_item": false, "is_available_in_all_stores": true, "is_batch_item": false}
{"id": 417029, "name": "PIZZA PROSCIUTTO", "underline": "410 GR. / SURDEJSPIZZA", "age_limit": null, "hazard_precaution_statements": [], "labels": [], "description": null, "info": "", "images": [{"small": "https://rema-product-images.digital.rema1000.dk/417029/1-small-pYqxAXy591.webp", "medium": "https://rema-product-images.digital.rema1000.dk/417029/1-medium-pYqxAXy591.webp", "large": "https://rema-product-images.digital.rema1000.dk/417029/1-large-pYqxAXy591.webp"}], "prices": [{"price": 30, "price_over_max_quantity": null, "max_quantity": null, "is_advertised": false, "is_campaign": false, "starting_at": "2024-07-05T00:00:00+00:00", "ending_at": "2025-08-23T00:00:00+00:00", "deposit": null, "compare_unit": "kg", "compare_unit_price": 73.17, "consumption_unit": null, "consumption_quantity": null}], "temperature_zone": "refrigerated_5_degrees_celsius", "is_self_scale_item": false, "is_weight_item": false, "is_available_in_all_stores": false, "is_batch_item": false}
{"id": 417030, "name": "PIZZA DIAVOLA", "underline": "400 GR. / SURDEJSPIZZA", "age_limit": null, "hazard_precaution_statements": [], "labels": [], "description": null, "info": "", "images": [{"small": "https://rema-product-images.digital.rema1000.dk/417030/1-small-869DjNmboM.webp", "medium": "https://rema-product-images.digital.rema1000.dk/417030/1-medium-869DjNmboM.webp", "large": "https://rema-product-images.digital.rema1000.dk/417030/1-large-869DjNmboM.webp"}], "prices": [{"price": 30, "price_over_max_quantity": null, "max_quantity": null, "is_advertised": false, "is_campaign": false, "starting_at": "2024-07-05T00:00:00+00:00", "ending_at": "2025-08-23T00:00:00+00:00", "deposit": null, "compare_unit": "kg", "compare_unit_price": 75, "consumption_unit": null, "consumption_quantity": null}], "temperature_zone": "refrigerated_5_degrees_celsius", "is_self_scale_item": false, "is_weight_item": false, "is_available_in_all_stores": false, "is_batch_item": false}
{"id": 417046, "name": "ANANAS STYKKER", "underline": "160 GR. / SUNSALAT, HÅNDSKÅRET", "age_limit": null, "hazard_precaution_statements": [], "labels": [], "description": null, "info": "", "images": [{"small": "https://rema-product-images.digital.rema1000.dk/417046/1-small-kAonrnjGox.webp", "medium": "https://rema-product-images.digital.rema1000.dk/417046/1-medium-kAonrnjGox.webp", "large": "https://rema-product-images.digital.rema1000.dk/417046/1-large-kAonrnjGox.webp"}], "prices": [{"price": 15, "price_over_max_quantity": null, "max_quantity": null, "is_advertised": false, "is_campaign": false, "starting_at": "2019-01-24T00:00:00+00:00", "ending_at": "2099-12-31T00:00:00+00:00", "deposit": null, "compare_unit": "kg", "compare_unit_price": 93.75, "consumption_unit": null, "consumption_quantity": null}], "temperature_zone": "refrigerated_5_degrees_celsius", "is_self_scale_item": false, "is_weight_item": false, "is_available_in_all_stores": true, "is_batch_item": false}
{"id": 417085, "name": "OLIVEN MED URTER", "underline": "110 GR. / TAGA", "age_limit": null, "hazard_precaution_statements": [], "labels": [], "description": null, "info": "", "images": [{"small": "https://rema-product-images.digital.rema1000.dk/417085/1-small-we9EawW69g.webp", "medium": "https://rema-product-images.digital.rema1000.dk/417085/1-medium-we9EawW69g.webp", "large": "https://rema-product-images.digital.rema1000.dk/417085/1-large-we9EawW69g.webp"}], "prices": [{"price": 18.5, "price_over_max_quantity": null, "max_quantity": null, "is_advertised": false, "is_campaign": false, "starting_at": "2024-10-03T00:00:00+00:00", "ending_at": "2099-12-31T00:00:00+00:00", "deposit": null, "compare_unit": "kg", "compare_unit_price": 168.18, "consumption_unit": null, "consumption_quantity": null}], "temperature_zone": "refrigerated_5_degrees_celsius", "is_self_scale_item": false, "is_weight_item": false, "is_available_in_all_stores": false, "is_batch_item": false}
{"id": 417087, "name": "OLIVEN MED HVIDLØG", "underline": "110 GR. / TAGA", "age_limit": null, "hazard_precaution_statements": [], "labels": [], "description": null, "info": "", "images": [{"small": "https://rema-product-images.digital.rema1000.dk/417087/1-small-dyomVBDLqV.webp", "medium": "https://rema-product-images.digital.rema1000.dk/417087/1-medium-dyomVBDLqV.webp", "large": "https://rema-product-images.digital.rema1000.dk/417087/1-large-dyomVBDLqV.webp"}], "prices": [{"price": 18.5, "price_over_max_quantity": null, "max_quantity": null, "is_advertised": false, "is_campaign": false, "starting_at": "2025-02-26T00:00:00+00:00", "ending_at": "2099-12-31T00:00:00+00:00", "deposit": null, "compare_unit": "kg", "compare_unit_price": 168.18, "consumption_unit": null, "consumption_quantity": null}], "temperature_zone": "refrigerated_5_degrees_celsius", "is_self_scale_item": false, "is_weight_item": false, "is_available_in_all_stores": false, "is_batch_item": false}
{"id": 417093, "name": "FYLDTE PEBERFRUGTER", "underline": "130 GR. / REMA 1000, MED FLØDEOST", "age_limit": null, "hazard_precaution_statements": [], "labels": [{"id": 2, "name": "REMA1000", "image": "https://static-assets.digital.rema1000.dk/product/labels/2-64.webp"}], "description": null, "info": "", "images": [{"small": "https://rema-product-images.digital.rema1000.dk/417093/1-small-xQq8WmD2oZ.webp", "medium": "https://rema-product-images.digital.rema1000.dk/417093/1-medium-xQq8WmD2oZ.webp", "large": "https://rema-product-images.digital.rema1000.dk/417093/1-large-xQq8WmD2oZ.webp"}], "prices": [{"price": 19.95, "price_over_max_quantity": null, "max_quantity": null, "is_advertised": false, "is_campaign": false, "starting_at": "2022-10-17T00:00:00+00:00", "ending_at": "2099-12-31T00:00:00+00:00", "deposit": null, "compare_unit": "kg", "compare_unit_price": 153.46, "consumption_unit": null, "consumption_quantity": null}], "temperature_zone": "refrigerated_5_degrees_celsius", "is_self_scale_item": false, "is_weight_item": false, "is_available_in_all_stores": true, "is_batch_item": false}
{"id": 417094, "name": "OLIVEN & OST I OLIE", "underline": "110 GR. / REMA 1000", "age_limit": null, "hazard_precaution_statements": [], "labels": [{"id": 2, "name": "REMA1000", "image": "https://static-assets.digital.rema1000.dk/product/labels/2-64.webp"}], "description": null, "info": "", "images": [{"small": "https://rema-product-images.digital.rema1000.dk/417094/1-small-vVor0rnJ93.webp", "medium": "https://rema-product-images.digital.rema1000.dk/417094/1-medium-vVor0rnJ93.webp", "large": "https://rema-product-images.digital.rema1000.dk/417094/1-large-vVor0rnJ93.webp"}], "prices": [{"price": 17.95, "price_over_max_quantity": null, "max_quantity": null, "is_advertised": false, "is_campaign": false, "starting_at": "2024-05-02T00:00:00+00:00", "ending_at": "2099-12-31T00:00:00+00:00", "deposit": null, "compare_unit": "kg", "compare_unit_price": 163.18, "consumption_unit": null, "consumption_quantity": null}], "temperature_zone": "refrigerated_5_degrees_celsius", "is_self_scale_item": false, "is_weight_item": false, "is_available_in_all_stores": false, "is_batch_item": false}
{"id": 417095, "name": "HUMMUS TRIO", "underline": "210 GR. / REMA 1000", "age_limit": null, "hazard_precaution_statements": [], "labels": [{"id": 2, "name": "REMA1000", "image": "https://static-assets.digital.rema1000.dk/product/labels/2-64.webp"}], "description": null, "info": "", "images": [{"small": "https://rema-product-images.digital.rema1000.dk/417095/1-small-v09glmDDPA.webp", "medium": "https://rema-product-images.digital.rema1000.dk/417095/1-medium-v09glmDDPA.webp", "large": "https://rema-product-images.digital.rema1000.dk/417095/1-large-v09glmDDPA.webp"}], "prices": [{"price": 15, "price_over_max_quantity": null, "max_quantity": null, "is_advertised": false, "is_campaign": false, "starting_at": "2022-10-17T00:00:00+00:00", "ending_at": "2099-12-31T00:00:00+00:00", "deposit": null, "compare_unit": "kg", "compare_unit_price": 71.43, "consumption_unit": null, "consumption_quantity": null}], "temperature_zone": "refrigerated_5_degrees_celsius", "is_self_scale_item": false, "is_weight_item": false, "is_available_in_all_stores": false, "is_batch_item": false}
{"id": 417096, "name": "GROV HUMMUS", "underline": "150 GR. / REMA 1000, ØKOLOGISK", "age_limit": null, "hazard_precaution_statements": [], "labels": [{"id": 2, "name": "REMA1000", "image": "https://static-assets.digital.rema1000.dk/product/labels/2-64.webp"}, {"id": 5, "name": "Økologi", "image": "https://static-assets.digital.rema1000.dk/product/labels/5-64.webp"}], "description": null, "info": "", "images": [{"small": "https://rema-product-images.digital.rema1000.dk/417096/1-small-NpP701ZXoO.webp", "medium": "https://rema-product-images.digital.rema1000.dk/417096/1-medium-NpP701ZXoO.webp", "large": "https://rema-product-images.digital.rema1000.dk/417096/1-large-NpP701ZXoO.webp"}], "prices": [{"price": 13.95, "price_over_max_quantity": null, "max_quantity": null, "is_advertised": false, "is_campaign": false, "starting_at": "2022-10-17T00:00:00+00:00", "ending_at": "2099-12-31T00:00:00+00:00", "deposit": null, "compare_unit": "kg", "compare_unit_price": 93, "consumption_unit": null, "consumption_quantity": null}], "temperature_zone": "refrigerated_5_degrees_celsius", "is_self_scale_item": false, "is_weight_item": false, "is_available_in_all_stores": true, "is_batch_item": false}
{"id": 417097, "name": "HUMMUS MED CHILI", "underline": "150 GR. / REMA 1000, ØKOLOGISK", "age_limit": null, "hazard_precaution_statements": [], "labels": [{"id": 2, "name": "REMA1000", "image": "https://static-assets.digital.rema1000.dk/product/labels/2-64.webp"}, {"id": 5, "name": "Økologi", "image": "https://static-assets.digital.rema1000.dk/product/labels/5-64.webp"}], "description": null, "info": "", "images": [{"small": "https://rema-product-images.digital.rema1000.dk/417097/1-small-aboK1r3W9p.webp", "medium": "https://rema-product-images.digital.rema1000.dk/417097/1-medium-aboK1r3W9p.webp", "large": "https://rema-product-images.digital.rema1000.dk/417097/1-large-aboK1r3W9p.webp"}], "prices": [{"price": 14.95, "price_over_max_quantity": null, "max_quantity": null, "is_advertised": false, "is_campaign": false, "starting_at": "2022-10-17T00:00:00+00:00", "ending_at": "2099-12-31T00:00:00+00:00", "deposit": null, "compare_unit": "kg", "compare_unit_price": 99.67, "consumption_unit": null, "consumption_quantity": null}], "temperature_zone": "refrigerated_5_degrees_celsius", "is_self_scale_item": false, "is_weight_item": false, "is_available_in_all_stores": false, "is_batch_item": false}
{"id": 418020, "name": "RISENGRØD", "underline": "1000 GR. / NEM & HURTIG AT TILBEREDE", "age_limit": null, "hazard_precaution_statements": [], "labels": [], "description": null, "info": "", "images": [{"small": "https://rema-product-images.digital.rema1000.dk/418020/1-small-AKqeQWKOqp.webp", "medium": "https://rema-product-images.digital.rema1000.dk/418020/1-medium-AKqeQWKOqp.webp", "large": "https://rema-product-images.digital.rema1000.dk/418020/1-large-AKqeQWKOqp.webp"}], "prices": [{"price": 24.95, "price_over_max_quantity": null, "max_quantity": null, "is_advertised": false, "is_campaign": false, "starting_at": "2023-08-08T00:00:00+00:00", "ending_at": "2099-12-31T00:00:00+00:00", "deposit": null, "compare_unit": "kg", "compare_unit_price": 24.95, "consumption_unit": null, "consumption_quantity": null}], "temperature_zone": "refrigerated_5_degrees_celsius", "is_self_scale_item": false, "is_weight_item": false, "is_available_in_all_stores": true, "is_batch_item": false}
{"id": 419007, "name": "CROISSANTS", "underline": "240 GR. / DANROLLES", "age_limit": null, "hazard_precaution_statements": [], "labels": [], "description": null, "info": "", "images": [{"small": "https://rema-product-images.digital.rema1000.dk/419007/1-small-v09glVLmPA.webp", "medium": "https://rema-product-images.digital.rema1000.dk/419007/1-medium-v09glVLmPA.webp", "large": "https://rema-product-images.digital.rema1000.dk/419007/1-large-v09glVLmPA.webp"}], "prices": [{"price": 19.95, "price_over_max_quantity": null, "max_quantity": null, "is_advertised": false, "is_campaign": false, "starting_at": "2021-09-23T00:00:00+00:00", "ending_at": "2099-12-31T00:00:00+00:00", "deposit": null, "compare_unit": "kg", "compare_unit_price": 83.13, "consumption_unit": null, "consumption_quantity": null}], "temperature_zone": "refrigerated_5_degrees_celsius", "is_self_scale_item": false, "is_weight_item": false, "is_available_in_all_stores": false, "is_batch_item": false}
{"id": 419016, "name": "DESSERT PANDEKAGER", "underline": "360 GR. / FRIDA'S", "age_limit": null, "hazard_precaution_statements": [], "labels": [], "description": null, "info": "", "images": [{"small": "https://rema-product-images.digital.rema1000.dk/419016/1-small-6xqA8bZ8oD.webp", "medium": "https://rema-product-images.digital.rema1000.dk/419016/1-medium-6xqA8bZ8oD.webp", "large": "https://rema-product-images.digital.rema1000.dk/419016/1-large-6xqA8bZ8oD.webp"}], "prices": [{"price": 12.5, "price_over_max_quantity": null, "max_quantity": null, "is_advertised": false, "is_campaign": false, "starting_at": "2023-01-05T00:00:00+00:00", "ending_at": "2099-12-31T00:00:00+00:00", "deposit": null, "compare_unit": "kg", "compare_unit_price": 34.72, "consumption_unit": null, "consumption_quantity": null}], "temperature_zone": "refrigerated_5_degrees_celsius", "is_self_scale_item": false, "is_weight_item": false, "is_available_in_all_stores": true, "is_batch_item": false}
{"id": 419017, "name": "MADPANDEKAGER", "underline": "360 GR. / FRIDA'S", "age_limit": null, "hazard_precaution_statements": [], "labels": [], "description": null, "info": "", "images": [{"small": "https://rema-product-images.digital.rema1000.dk/419017/1-small-Z8qp7ewAo3.webp", "medium": "https://rema-product-images.digital.rema1000.dk/419017/1-medium-Z8qp7ewAo3.webp", "large": "https://rema-product-images.digital.rema1000.dk/419017/1-large-Z8qp7ewAo3.webp"}], "prices": [{"price": 12.5, "price_over_max_quantity": null, "max_quantity": null, "is_advertised": false, "is_campaign": false, "starting_at": "2023-01-05T00:00:00+00:00", "ending_at": "2099-12-31T00:00:00+00:00", "deposit": null, "compare_unit": "kg", "compare_unit_price": 34.72, "consumption_unit": null, "consumption_quantity": null}], "temperature_zone": "refrigerated_5_degrees_celsius", "is_self_scale_item": false, "is_weight_item": false, "is_available_in_all_stores": false, "is_batch_item": false}
{"id": 419123, "name": "BRUNCHPØLSER", "underline": "210 GR. / SLAGTER LAMPE", "age_limit": null, "hazard_precaution_statements": [], "labels": [], "description": null, "info": "", "images": [{"small": "https://rema-product-images.digital.rema1000.dk/419123/1-small-MNqZKNx19A.webp", "medium": "https://rema-product-images.digital.rema1000.dk/419123/1-medium-MNqZKNx19A.webp", "large": "https://rema-product-images.digital.rema1000.dk/419123/1-large-MNqZKNx19A.webp"}], "prices": [{"price": 25.95, "price_over_max_quantity": null, "max_quantity": null, "is_advertised": false, "is_campaign": false, "starting_at": "2022-04-21T00:00:00+00:00", "ending_at": "2025-09-13T00:00:00+00:00", "deposit": null, "compare_unit": "kg", "compare_unit_price": 123.57, "consumption_unit": null, "consumption_quantity": null}], "temperature_zone": "refrigerated_5_degrees_celsius", "is_self_scale_item": false, "is_weight_item": false, "is_available_in_all_stores": false, "is_batch_item": false}
{"id": 419898, "name": "SALSICCIA CLASSICA", "underline": "200 GR. / CASA MODENA", "age_limit": null, "hazard_precaution_statements": [], "labels": [], "description": null, "info": "", "images": [{"small": "https://rema-product-images.digital.rema1000.dk/419898/1-small-Al90zL4Do8.webp", "medium": "https://rema-product-images.digital.rema1000.dk/419898/1-medium-Al90zL4Do8.webp", "large": "https://rema-product-images.digital.rema1000.dk/419898/1-large-Al90zL4Do8.webp"}], "prices": [{"price": 27.95, "price_over_max_quantity": null, "max_quantity": null, "is_advertised": false, "is_campaign": false, "starting_at": "2024-02-09T00:00:00+00:00", "ending_at": "2099-12-31T00:00:00+00:00", "deposit": null, "compare_unit": "kg", "compare_unit_price": 139.75, "consumption_unit": null, "consumption_quantity": null}], "temperature_zone": "refrigerated_5_degrees_celsius", "is_self_scale_item": false, "is_weight_item": false, "is_available_in_all_stores": false, "is_batch_item": false}
{"id": 419914, "name": "CHEESE BURGER", "underline": "250 GR. / ABBELEN", "age_limit": null, "hazard_precaution_statements": [], "labels": [], "description": null, "info": "", "images": [{"small": "https://rema-product-images.digital.rema1000.dk/419914/1-small-3Movg30XqA.webp", "medium": "https://rema-product-images.digital.rema1000.dk/419914/1-medium-3Movg30XqA.webp", "large": "https://rema-product-images.digital.rema1000.dk/419914/1-large-3Movg30XqA.webp"}], "prices": [{"price": 19.95, "price_over_max_quantity": null, "max_quantity": null, "is_advertised": false, "is_campaign": false, "starting_at": "2022-12-01T00:00:00+00:00", "ending_at": "2099-12-31T00:00:00+00:00", "deposit": null, "compare_unit": "kg", "compare_unit_price": 79.8, "consumption_unit": null, "consumption_quantity": null}], "temperature_zone": "refrigerated_5_degrees_celsius", "is_self_scale_item": false, "is_weight_item": false, "is_available_in_all_stores": false, "is_batch_item": false}
{"id": 419919, "name": "ITALIENSK PIZZABUND", "underline": "240 GR. / CASAMORE", "age_limit": null, "hazard_precaution_statements": [], "labels": [], "description": null, "info": "", "images": [{"small": "https://rema-product-images.digital.rema1000.dk/419919/1-small-rDq6pnd1Pb.webp", "medium": "https://rema-product-images.digital.rema1000.dk/419919/1-medium-rDq6pnd1Pb.webp", "large": "https://rema-product-images.digital.rema1000.dk/419919/1-large-rDq6pnd1Pb.webp"}], "prices": [{"price": 14.95, "price_over_max_quantity": null, "max_quantity": null, "is_advertised": false, "is_campaign": false, "starting_at": "2024-03-19T00:00:00+00:00", "ending_at": "2099-12-31T00:00:00+00:00", "deposit": null, "compare_unit": "kg", "compare_unit_price": 62.29, "consumption_unit": null, "consumption_quantity": null}], "temperature_zone": "refrigerated_5_degrees_celsius", "is_self_scale_item": false, "is_weight_item": false, "is_available_in_all_stores": false, "is_batch_item": false}
{"id": 419925, "name": "KYLLINGE HOT WINGS", "underline": "400 GR. / STEGTE, BBQ MARINADE, ROSE", "age_limit": null, "hazard_precaution_statements": [], "labels": [{"id": 70, "name": "Dansk", "image": "https://static-assets.digital.rema1000.dk/product/labels/70-64.webp"}, {"id": 201, "name": "Bedre dyrevelfærd 1", "image": "https://static-assets.digital.rema1000.dk/product/labels/201-64.webp"}], "description": null, "info": "", "images": [{"small": "https://rema-product-images.digital.rema1000.dk/419925/1-small-Ea910J6aqz.webp", "medium": "https://rema-product-images.digital.rema1000.dk/419925/1-medium-Ea910J6aqz.webp", "large": "https://rema-product-images.digital.rema1000.dk/419925/1-large-Ea910J6aqz.webp"}], "prices": [{"price": 24.95, "price_over_max_quantity": null, "max_quantity": null, "is_advertised": false, "is_campaign": false, "starting_at": "2022-01-27T00:00:00+00:00", "ending_at": "2099-12-31T00:00:00+00:00", "deposit": null, "compare_unit": "kg", "compare_unit_price": 62.38, "consumption_unit": null, "consumption_quantity": null}], "temperature_zone": "refrigerated_5_degrees_celsius", "is_self_scale_item": false, "is_weight_item": false, "is_available_in_all_stores": true, "is_batch_item": false}
{"id": 419926, "name": "BARBECUE UNDERLÅR", "underline": "400 GR. / STEGTE, SMAGFULDE & MØRE, ROSE", "age_limit": null, "hazard_precaution_statements": [], "labels": [{"id": 40, "name": "Nøglehul", "image": "https://static-assets.digital.rema1000.dk/product/labels/40-64.webp"}, {"id": 70, "name": "Dansk", "image": "https://static-assets.digital.rema1000.dk/product/labels/70-64.webp"}, {"id": 201, "name": "Bedre dyrevelfærd 1", "image": "https://static-assets.digital.rema1000.dk/product/labels/201-64.webp"}], "description": null, "info": "", "images": [{"small": "https://rema-product-images.digital.rema1000.dk/419926/1-small-kOq3rlYMo6.webp", "medium": "https://rema-product-images.digital.rema1000.dk/419926/1-medium-kOq3rlYMo6.webp", "large": "https://rema-product-images.digital.rema1000.dk/419926/1-large-kOq3rlYMo6.webp"}], "prices": [{"price": 24.95, "price_over_max_quantity": null, "max_quantity": null, "is_advertised": false, "is_campaign": false, "starting_at": "2022-02-27T00:00:00+00:00", "ending_at": "2099-12-31T00:00:00+00:00", "deposit": null, "compare_unit": "kg", "compare_unit_price": 62.38, "consumption_unit": null, "consumption_quantity": null}], "temperature_zone": "refrigerated_5_degrees_celsius", "is_self_scale_item": false, "is_weight_item": false, "is_available_in_all_stores": false, "is_batch_item": false}
{"id": 419929, "name": "STEGT KYLLING", "underline": "150 GR. / ROSE, INDERFILET M/BBQ", "age_limit": null, "hazard_precaution_statements": [], "labels": [{"id": 40, "name": "Nøglehul", "image": "https://static-assets.digital.rema1000.dk/product/labels/40-64.webp"}, {"id": 70, "name": "Dansk", "image": "https://static-assets.digital.rema1000.dk/product/labels/70-64.webp"}, {"id": 201, "name": "Bedre dyrevelfærd 1", "image": "https://static-assets.digital.rema1000.dk/product/labels/201-64.webp"}], "description": null, "info": "", "images": [{"small": "https://rema-product-images.digital.rema1000.dk/419929/1-small-pYqxAaXx91.webp", "medium": "https://rema-product-images.digital.rema1000.dk/419929/1-medium-pYqxAaXx91.webp", "large": "https://rema-product-images.digital.rema1000.dk/419929/1-large-pYqxAaXx91.webp"}], "prices": [{"price": 19.95, "price_over_max_quantity": null, "max_quantity": null, "is_advertised": false, "is_campaign": false, "starting_at": "2024-02-14T00:00:00+00:00", "ending_at": "2025-08-27T00:00:00+00:00", "deposit": null, "compare_unit": "kg", "compare_unit_price": 133, "consumption_unit": null, "consumption_quantity": null}], "temperature_zone": "refrigerated_5_degrees_celsius", "is_self_scale_item": false, "is_weight_item": false, "is_available_in_all_stores": true, "is_batch_item": false}
{"id": 419931, "name": "SANDWICHSKIVER", "underline": "150 GR. / ROSE, STEGTE KYLLINGE", "age_limit": null, "hazard_precaution_statements": [], "labels": [{"id": 40, "name": "Nøglehul", "image": "https://static-assets.digital.rema1000.dk/product/labels/40-64.webp"}, {"id": 201, "name": "Bedre dyrevelfærd 1", "image": "https://static-assets.digital.rema1000.dk/product/labels/201-64.webp"}], "description": null, "info": "", "images": [{"small": "https://rema-product-images.digital.rema1000.dk/419931/1-small-01q2DNeeP7.webp", "medium": "https://rema-product-images.digital.rema1000.dk/419931/1-medium-01q2DNeeP7.webp", "large": "https://rema-product-images.digital.rema1000.dk/419931/1-large-01q2DNeeP7.webp"}], "prices": [{"price": 19.95, "price_over_max_quantity": null, "max_quantity": null, "is_advertised": false, "is_campaign": false, "starting_at": "2024-03-19T00:00:00+00:00", "ending_at": "2025-08-27T00:00:00+00:00", "deposit": null, "compare_unit": "kg", "compare_unit_price": 133, "consumption_unit": null, "consumption_quantity": null}], "temperature_zone": "refrigerated_5_degrees_celsius", "is_self_scale_item": false, "is_weight_item": false, "is_available_in_all_stores": false, "is_batch_item": false}
{"id": 419939, "name": "PIZZABUND", "underline": "240 GR. / ITALIENSK, MED FULDKORN", "age_limit": null, "hazard_precaution_statements": [], "labels": [{"id": 40, "name": "Nøglehul", "image": "https://static-assets.digital.rema1000.dk/product/labels/40-64.webp"}, {"id": 43, "name": "Fuldkorn", "image": "https://static-assets.digital.rema1000.dk/product/labels/43-64.webp"}], "description": null, "info": "", "images": [{"small": "https://rema-product-images.digital.rema1000.dk/419939/1-small-zOPlyAAmoR.webp", "medium": "https://rema-product-images.digital.rema1000.dk/419939/1-medium-zOPlyAAmoR.webp", "large": "https://rema-product-images.digital.rema1000.dk/419939/1-large-zOPlyAAmoR.webp"}], "prices": [{"price": 17.95, "price_over_max_quantity": null, "max_quantity": null, "is_advertised": false, "is_campaign": false, "starting_at": "2024-09-18T00:00:00+00:00", "ending_at": "2099-12-31T00:00:00+00:00", "deposit": null, "compare_unit": "kg", "compare_unit_price": 74.79, "consumption_unit": null, "consumption_quantity": null}], "temperature_zone": "refrigerated_5_degrees_celsius", "is_self_scale_item": false, "is_weight_item": false, "is_available_in_all_stores": false, "is_batch_item": false}
{"id": 42099, "name": "KARTOFFEL GRATIN", "underline": "360 GR. / MED BROCCOLI", "age_limit": null, "hazard_precaution_statements": [], "labels": [{"id": 2, "name": "REMA1000", "image": "https://static-assets.digital.rema1000.dk/product/labels/2-64.webp"}], "description": "Lækre franske kartoffelgratiner med broccoli, fløde og ost - velegent og nem sidedish til kødet.", "info": "", "images": [{"small": "https://rema-product-images.digital.rema1000.dk/42099/1-small-A5qVx7aPaQ.webp", "medium": "https://rema-product-images.digital.rema1000.dk/42099/1-medium-A5qVx7aPaQ.webp", "large": "https://rema-product-images.digital.rema1000.dk/42099/1-large-A5qVx7aPaQ.webp"}], "prices": [{"price": 27.95, "price_over_max_quantity": null, "max_quantity": null, "is_advertised": false, "is_campaign": false, "starting_at": "2023-06-08T00:00:00+00:00", "ending_at": "2025-09-24T00:00:00+00:00", "deposit": null, "compare_unit": "kg", "compare_unit_price": 77.64, "consumption_unit": null, "consumption_quantity": null}], "temperature_zone": "frozen_18_degrees_celsius", "is_self_scale_item": false, "is_weight_item": false, "is_available_in_all_stores": true, "is_batch_item": false}
{"id": 42102, "name": "KART. DIPPERS M. PEBER", "underline": "600 GR. / REMA 1000", "age_limit": null, "hazard_precaution_statements": [], "labels": [{"id": 9001, "name": "Avisvare", "image": "https://static-assets.digital.rema1000.dk/product/labels/9001-64.webp"}, {"id": 2, "name": "REMA1000", "image": "https://static-assets.digital.rema1000.dk/product/labels/2-64.webp"}], "description": null, "info": "", "images": [{"small": "https://rema-product-images.digital.rema1000.dk/42102/1-small-kAonAw3Px8.webp", "medium": "https://rema-product-images.digital.rema1000.dk/42102/1-medium-kAonAw3Px8.webp", "large": "https://rema-product-images.digital.rema1000.dk/42102/1-large-kAonAw3Px8.webp"}], "prices": [{"price": 15, "price_over_max_quantity": null, "max_quantity": null, "is_advertised": true, "is_campaign": true, "starting_at": "2025-08-17T00:00:00+00:00", "ending_at": "2025-08-23T00:00:00+00:00", "deposit": null, "compare_unit": "kg", "compare_unit_price": 25, "consumption_unit": null, "consumption_quantity": null}, {"price": 16.95, "price_over_max_quantity": null, "max_quantity": null, "is_advertised": false, "is_campaign": false, "starting_at": "2025-08-24T00:00:00+00:00", "ending_at": "2099-12-31T00:00:00+00:00", "deposit": null, "compare_unit": "kg", "compare_unit_price": 28.25, "consumption_unit": null, "consumption_quantity": null}], "temperature_zone": "frozen_18_degrees_celsius", "is_self_scale_item": false, "is_weight_item": false, "is_available_in_all_stores": true, "is_batch_item": false}
{"id": 42107, "name": "KARTOFFELSKRUER M.BBQ", "underline": "600 GR. / REMA 1000", "age_limit": null, "hazard_precaution_statements": [], "labels": [{"id": 9001, "name": "Avisvare", "image": "https://static-assets.digital.rema1000.dk/product/labels/9001-64.webp"}, {"id": 2, "name": "REMA1000", "image": "https://static-assets.digital.rema1000.dk/product/labels/2-64.webp"}], "description": "Kartoffelskruer med en god let krydret smag", "info": "", "images": [{"small": "https://rema-product-images.digital.rema1000.dk/42107/1-small-v09gK1G9AW.webp", "medium": "https://rema-product-images.digital.rema1000.dk/42107/1-medium-v09gK1G9AW.webp", "large": "https://rema-product-images.digital.rema1000.dk/42107/1-large-v09gK1G9AW.webp"}], "prices": [{"price": 15, "price_over_max_quantity": null, "max_quantity": null, "is_advertised": true, "is_campaign": true, "starting_at": "2025-08-17T00:00:00+00:00", "ending_at": "2025-08-23T00:00:00+00:00", "deposit": null, "compare_unit": "kg", "compare_unit_price": 25, "consumption_unit": null, "consumption_quantity": null}, {"price": 17.95, "price_over_max_quantity": null, "max_quantity": null, "is_advertised": false, "is_campaign": false, "starting_at": "2025-08-24T00:00:00+00:00", "ending_at": "2099-12-31T00:00:00+00:00", "deposit": null, "compare_unit": "kg", "compare_unit_price": 29.92, "consumption_unit": null, "consumption_quantity": null}], "temperature_zone": "frozen_18_degrees_celsius", "is_self_scale_item": false, "is_weight_item": false, "is_available_in_all_stores": true, "is_batch_item": false}
{"id": 42108, "name": "KARTOFFELBÅDE M. BBQ", "underline": "600 GR. / REMA 1000", "age_limit": null, "hazard_precaution_statements": [], "labels": [{"id": 9001, "name": "Avisvare", "image": "https://static-assets.digital.rema1000.dk/product/labels/9001-64.webp"}, {"id": 2, "name": "REMA1000", "image": "https://static-assets.digital.rema1000.dk/product/labels/2-64.webp"}], "description": "Kartoffelbåde med en god let krydret smag", "info": "", "images": [{"small": "https://rema-product-images.digital.rema1000.dk/42108/1-small-NpP7QJEqOl.webp", "medium": "https://rema-product-images.digital.rema1000.dk/42108/1-medium-NpP7QJEqOl.webp", "large": "https://rema-product-images.digital.rema1000.dk/42108/1-large-NpP7QJEqOl.webp"}], "prices": [{"price": 15, "price_over_max_quantity": null, "max_quantity": null, "is_advertised": true, "is_campaign": true, "starting_at": "2025-08-17T00:00:00+00:00", "ending_at": "2025-08-23T00:00:00+00:00", "deposit": null, "compare_unit": "kg", "compare_unit_price": 25, "consumption_unit": null, "consumption_quantity": null}, {"price": 16.95, "price_over_max_quantity": null, "max_quantity": null, "is_advertised": false, "is_campaign": false, "starting_at": "2025-08-24T00:00:00+00:00", "ending_at": "2099-12-31T00:00:00+00:00", "deposit": null, "compare_unit": "kg", "compare_unit_price": 28.25, "consumption_unit": null, "consumption_quantity": null}], "temperature_zone": "frozen_18_degrees_celsius", "is_self_scale_item": false, "is_weight_item": false, "is_available_in_all_stores": true, "is_batch_item": false}
{"id": 42111, "name": "POMMES FRITES M. BBQ", "underline": "750 GR. / REMA 1000", "age_limit": null, "hazard_precaution_statements": [], "labels": [{"id": 9001, "name": "Avisvare", "image": "https://static-assets.digital.rema1000.dk/product/labels/9001-64.webp"}, {"id": 2, "name": "REMA1000", "image": "https://static-assets.digital.rema1000.dk/product/labels/2-64.webp"}], "description": "Pommes frites med en god let kydret smag", "info": "", "images": [{"small": "https://rema-product-images.digital.rema1000.dk/42111/1-small-A5qVxJyPaQ.webp", "medium": "https://rema-product-images.digital.rema1000.dk/42111/1-medium-A5qVxJyPaQ.webp", "large": "https://rema-product-images.digital.rema1000.dk/42111/1-large-A5qVxJyPaQ.webp"}], "prices": [{"price": 15, "price_over_max_quantity": null, "max_quantity": null, "is_advertised": true, "is_campaign": true, "starting_at": "2025-08-17T00:00:00+00:00", "ending_at": "2025-08-23T00:00:00+00:00", "deposit": null, "compare_unit": "kg", "compare_unit_price": 20, "consumption_unit": null, "consumption_quantity": null}, {"price": 19.95, "price_over_max_quantity": null, "max_quantity": null, "is_advertised": false, "is_campaign": false, "starting_at": "2025-08-24T00:00:00+00:00", "ending_at": "2099-12-31T00:00:00+00:00", "deposit": null, "compare_unit": "kg", "compare_unit_price": 26.6, "consumption_unit": null, "consumption_quantity": null}], "temperature_zone": "frozen_18_degrees_celsius", "is_self_scale_item": false, "is_weight_item": false, "is_available_in_all_stores": true, "is_batch_item": false}
{"id": 42117, "name": "KARTOFFELSKIVER", "underline": "750 GR. / REMA 1000", "age_limit": null, "hazard_precaution_statements": [], "labels": [{"id": 2, "name": "REMA1000", "image": "https://static-assets.digital.rema1000.dk/product/labels/2-64.webp"}, {"id": 70, "name": "Dansk", "image": "https://static-assets.digital.rema1000.dk/product/labels/70-64.webp"}], "description": "Skivekartofler med fin ren kartoffelsmag og som opnår en god sprødhed i ovnen.<br />", "info": "", "images": [{"small": "https://rema-product-images.digital.rema1000.dk/42117/1-small-Z8qp41yq3N.webp", "medium": "https://rema-product-images.digital.rema1000.dk/42117/1-medium-Z8qp41yq3N.webp", "large": "https://rema-product-images.digital.rema1000.dk/42117/1-large-Z8qp41yq3N.webp"}], "prices": [{"price": 14.95, "price_over_max_quantity": null, "max_quantity": null, "is_advertised": false, "is_campaign": false, "starting_at": "2023-09-14T00:00:00+00:00", "ending_at": "2099-12-31T00:00:00+00:00", "deposit": null, "compare_unit": "kg", "compare_unit_price": 19.93, "consumption_unit": null, "consumption_quantity": null}], "temperature_zone": "frozen_18_degrees_celsius", "is_self_scale_item": false, "is_weight_item": false, "is_available_in_all_stores": false, "is_batch_item": false}
{"id": 42151, "name": "KARTOFFELBÅDE", "underline": "600 GR. / GRAM SLOT, ØKO.", "age_limit": null, "hazard_precaution_statements": [], "labels": [{"id": 5, "name": "Økologi", "image": "https://static-assets.digital.rema1000.dk/product/labels/5-64.webp"}, {"id": 6, "name": "Økologi", "image": "https://static-assets.digital.rema1000.dk/product/labels/6-64.webp"}, {"id": 39, "name": "Gram slot", "image": "https://static-assets.digital.rema1000.dk/product/labels/39-64.webp"}], "description": "<br /> REMA 1000 er medejer af et af Danmarks største økologiske landbrug, Gram Slot, som dagligt leverer bl.a. økologisk mælk, kartofler, mel og havregryn til REMA 1000s butikker.<br /> På Gram Slot er dyrevelfærd i højsædet, ligesom Jorden ved Gram Slot dyrkes med stor respekt og omtanke.<br /> <br /> Det kræver stor omhyggelighed at få en god kartoffelhøst i hus. Som økologisk kartoffelavler er det ikke tilladt at sprøjte mod ukrudt på markerne. Ved Gram Slot hypper vi kartoflerne ofte, indtil planten er så stor og stærk, at den kan vokse sig forbi det ukrudt, der naturligt gror på markerne. <br /> Vi driver markerne på denne måde, fordi det giver et langt mere varieret plante- og dyreliv, og fordi vi tror på, at det er godt for vores kartofler.<br /> <br /> Tilberedning: I ovn eller friture efter anvisning på emballagen. <br />", "info": "", "images": [{"small": "https://rema-product-images.digital.rema1000.dk/42151/1-small-v09gKAG9AW.webp", "medium": "https://rema-product-images.digital.rema1000.dk/42151/1-medium-v09gKAG9AW.webp", "large": "https://rema-product-images.digital.rema1000.dk/42151/1-large-v09gKAG9AW.webp"}], "prices": [{"price": 19.95, "price_over_max_quantity": null, "max_quantity": null, "is_advertised": false, "is_campaign": false, "starting_at": "2024-10-03T00:00:00+00:00", "ending_at": "2099-12-31T00:00:00+00:00", "deposit": null, "compare_unit": "kg", "compare_unit_price": 33.25, "consumption_unit": null, "consumption_quantity": null}], "temperature_zone": "frozen_18_degrees_celsius", "is_self_scale_item": false, "is_weight_item": false, "is_available_in_all_stores": true, "is_batch_item": false}
{"id": 42152, "name": "HALVE KARTOFLER", "underline": "600 GR. / GRAM SLOT, ØKO.", "age_limit": null, "hazard_precaution_statements": [], "labels": [{"id": 5, "name": "Økologi", "image": "https://static-assets.digital.rema1000.dk/product/labels/5-64.webp"}, {"id": 6, "name": "Økologi", "image": "https://static-assets.digital.rema1000.dk/product/labels/6-64.webp"}, {"id": 39, "name": "Gram slot", "image": "https://static-assets.digital.rema1000.dk/product/labels/39-64.webp"}, {"id": 40, "name": "Nøglehul", "image": "https://static-assets.digital.rema1000.dk/product/labels/40-64.webp"}], "description": "<br /> REMA 1000 er medejer af et af Danmarks største økologiske landbrug, Gram Slot, som dagligt leverer bl.a. økologisk mælk, kartofler, mel og havregryn til REMA 1000s butikker. På Gram Slot er dyrevelfærd i højsædet, ligesom Jorden ved Gram Slot dyrkes med stor respekt og omtanke.<br /> <br /> Det kræver stor omhyggelighed at få en god kartoffelhøst i hus. Som økologisk kartoffelavler er det ikke tilladt at sprøjte mod ukrudt på markerne. Ved Gram Slot hypper vi kartoflerne ofte, indtil planten er så stor og stærk, at den kan vokse sig forbi det ukrudt, der naturligt gror på markerne.<br /> Vi driver markerne på denne måde, fordi det giver et langt mere varieret plante- og dyreliv, og fordi vi tror på, at det er godt for vores kartofler.<br /> <br /> Tilberedning: I ovn eller friture efter anvisning på emballagen.<br /> <br />", "info": "", "images": [{"small": "https://rema-product-images.digital.rema1000.dk/42152/1-small-NpP7QgEqOl.webp", "medium": "https://rema-product-images.digital.rema1000.dk/42152/1-medium-NpP7QgEqOl.webp", "large": "https://rema-product-images.digital.rema1000.dk/42152/1-large-NpP7QgEqOl.webp"}], "prices": [{"price": 19.95, "price_over_max_quantity": null, "max_quantity": null, "is_advertised": false, "is_campaign": false, "starting_at": "2024-10-03T00:00:00+00:00", "ending_at": "2099-12-31T00:00:00+00:00", "deposit": null, "compare_unit": "kg", "compare_unit_price": 33.25, "consumption_unit": null, "consumption_quantity": null}], "temperature_zone": "frozen_18_degrees_celsius", "is_self_scale_item": false, "is_weight_item": false, "is_available_in_all_stores": true, "is_batch_item": false}
{"id": 42154, "name": "KARTOFFEL DIPPERS", "underline": "600 GR. / GRAM SLOT, ØKO", "age_limit": null, "hazard_precaution_statements": [], "labels": [{"id": 5, "name": "Økologi", "image": "https://static-assets.digital.rema1000.dk/product/labels/5-64.webp"}, {"id": 39, "name": "Gram slot", "image": "https://static-assets.digital.rema1000.dk/product/labels/39-64.webp"}], "description": null, "info": "", "images": [{"small": "https://rema-product-images.digital.rema1000.dk/42154/1-small-Al90pw398w.webp", "medium": "https://rema-product-images.digital.rema1000.dk/42154/1-medium-Al90pw398w.webp", "large": "https://rema-product-images.digital.rema1000.dk/42154/1-large-Al90pw398w.webp"}], "prices": [{"price": 19.95, "price_over_max_quantity": null, "max_quantity": null, "is_advertised": false, "is_campaign": false, "starting_at": "2024-10-03T00:00:00+00:00", "ending_at": "2099-12-31T00:00:00+00:00", "deposit": null, "compare_unit": "kg", "compare_unit_price": 33.25, "consumption_unit": null, "consumption_quantity": null}], "temperature_zone": "frozen_18_degrees_celsius", "is_self_scale_item": false, "is_weight_item": false, "is_available_in_all_stores": true, "is_batch_item": false}
{"id": 42175, "name": "RISOTTO MED SPINAT", "underline": "400 GR. / REMA 1000", "age_limit": null, "hazard_precaution_statements": [], "labels": [{"id": 2, "name": "REMA1000", "image": "https://static-assets.digital.rema1000.dk/product/labels/2-64.webp"}], "description": null, "info": "", "images": [{"small": "https://rema-product-images.digital.rema1000.dk/42175/1-small-01q26n4q7n.webp", "medium": "https://rema-product-images.digital.rema1000.dk/42175/1-medium-01q26n4q7n.webp", "large": "https://rema-product-images.digital.rema1000.dk/42175/1-large-01q26n4q7n.webp"}], "prices": [{"price": 14.95, "price_over_max_quantity": null, "max_quantity": null, "is_advertised": false, "is_campaign": false, "starting_at": "2023-08-24T00:00:00+00:00", "ending_at": "2099-12-31T00:00:00+00:00", "deposit": null, "compare_unit": "kg", "compare_unit_price": 37.38, "consumption_unit": null, "consumption_quantity": null}], "temperature_zone": "frozen_18_degrees_celsius", "is_self_scale_item": false, "is_weight_item": false, "is_available_in_all_stores": true, "is_batch_item": false}
{"id": 42176, "name": "RISOTTO M/SVAMPE", "underline": "400 GR. / REMA 1000", "age_limit": null, "hazard_precaution_statements": [], "labels": [{"id": 2, "name": "REMA1000", "image": "https://static-assets.digital.rema1000.dk/product/labels/2-64.webp"}], "description": null, "info": "", "images": [{"small": "https://rema-product-images.digital.rema1000.dk/42176/1-small-nDPW28E9Wa.webp", "medium": "https://rema-product-images.digital.rema1000.dk/42176/1-medium-nDPW28E9Wa.webp", "large": "https://rema-product-images.digital.rema1000.dk/42176/1-large-nDPW28E9Wa.webp"}], "prices": [{"price": 14.95, "price_over_max_quantity": null, "max_quantity": null, "is_advertised": false, "is_campaign": false, "starting_at": "2017-10-19T00:00:00+00:00", "ending_at": "2099-12-31T00:00:00+00:00", "deposit": null, "compare_unit": "kg", "compare_unit_price": 37.38, "consumption_unit": null, "consumption_quantity": null}], "temperature_zone": "frozen_18_degrees_celsius", "is_self_scale_item": false, "is_weight_item": false, "is_available_in_all_stores": true, "is_batch_item": false}
{"id": 42361, "name": "KARTOFFEL RØSTI", "underline": "600 GR. / REMA 1000", "age_limit": null, "hazard_precaution_statements": [], "labels": [{"id": 9001, "name": "Avisvare", "image": "https://static-assets.digital.rema1000.dk/product/labels/9001-64.webp"}, {"id": 2, "name": "REMA1000", "image": "https://static-assets.digital.rema1000.dk/product/labels/2-64.webp"}], "description": null, "info": "", "images": [{"small": "https://rema-product-images.digital.rema1000.dk/42361/1-small-Z8qp4a1q3N.webp", "medium": "https://rema-product-images.digital.rema1000.dk/42361/1-medium-Z8qp4a1q3N.webp", "large": "https://rema-product-images.digital.rema1000.dk/42361/1-large-Z8qp4a1q3N.webp"}], "prices": [{"price": 15, "price_over_max_quantity": null, "max_quantity": null, "is_advertised": true, "is_campaign": true, "starting_at": "2025-08-17T00:00:00+00:00", "ending_at": "2025-08-23T00:00:00+00:00", "deposit": null, "compare_unit": "kg", "compare_unit_price": 25, "consumption_unit": null, "consumption_quantity": null}, {"price": 19.95, "price_over_max_quantity": null, "max_quantity": null, "is_advertised": false, "is_campaign": false, "starting_at": "2025-08-24T00:00:00+00:00", "ending_at": "2099-12-31T00:00:00+00:00", "deposit": null, "compare_unit": "kg", "compare_unit_price": 33.25, "consumption_unit": null, "consumption_quantity": null}], "temperature_zone": "frozen_18_degrees_celsius", "is_self_scale_item": false, "is_weight_item": false, "is_available_in_all_stores": true, "is_batch_item": false}
{"id": 42689, "name": "BACON & BECHAMEL", "underline": "120 GR. / PIZZA SNACK", "age_limit": null, "hazard_precaution_statements": [], "labels": [{"id": 9001, "name": "Avisvare", "image": "https://static-assets.digital.rema1000.dk/product/labels/9001-64.webp"}], "description": null, "info": "", "images": [{"small": "https://rema-product-images.digital.rema1000.dk/42689/1-small-ElPB56j9kG.webp", "medium": "https://rema-product-images.digital.rema1000.dk/42689/1-medium-ElPB56j9kG.webp", "large": "https://rema-product-images.digital.rema1000.dk/42689/1-large-ElPB56j9kG.webp"}], "prices": [{"price": 5, "price_over_max_quantity": 9.95, "max_quantity": 6, "is_advertised": true, "is_campaign": true, "starting_at": "2025-08-17T00:00:00+00:00", "ending_at": "2025-08-23T00:00:00+00:00", "deposit": null, "compare_unit": "kg", "compare_unit_price": 41.67, "consumption_unit": null, "consumption_quantity": null}, {"price": 9.95, "price_over_max_quantity": null, "max_quantity": null, "is_advertised": false, "is_campaign": false, "starting_at": "2025-08-24T00:00:00+00:00", "ending_at": "2025-11-15T00:00:00+00:00", "deposit": null, "compare_unit": "kg", "compare_unit_price": 82.92, "consumption_unit": null, "consumption_quantity": null}], "temperature_zone": "frozen_18_degrees_celsius", "is_self_scale_item": false, "is_weight_item": false, "is_available_in_all_stores": true, "is_batch_item": true}
{"id": 42690, "name": "SALAMI & OST", "underline": "120 GR. / PIZZA SNACK", "age_limit": null, "hazard_precaution_statements": [], "labels": [{"id": 9001, "name": "Avisvare", "image": "https://static-assets.digital.rema1000.dk/product/labels/9001-64.webp"}], "description": null, "info": "", "images": [{"small": "https://rema-product-images.digital.rema1000.dk/42690/1-small-kAon5MyPx8.webp", "medium": "https://rema-product-images.digital.rema1000.dk/42690/1-medium-kAon5MyPx8.webp", "large": "https://rema-product-images.digital.rema1000.dk/42690/1-large-kAon5MyPx8.webp"}], "prices": [{"price": 5, "price_over_max_quantity": 9.95, "max_quantity": 6, "is_advertised": true, "is_campaign": true, "starting_at": "2025-08-17T00:00:00+00:00", "ending_at": "2025-08-23T00:00:00+00:00", "deposit": null, "compare_unit": "kg", "compare_unit_price": 41.67, "consumption_unit": null, "consumption_quantity": null}, {"price": 9.95, "price_over_max_quantity": null, "max_quantity": null, "is_advertised": false, "is_campaign": false, "starting_at": "2025-08-24T00:00:00+00:00", "ending_at": "2025-11-15T00:00:00+00:00", "deposit": null, "compare_unit": "kg", "compare_unit_price": 82.92, "consumption_unit": null, "consumption_quantity": null}], "temperature_zone": "frozen_18_degrees_celsius", "is_self_scale_item": false, "is_weight_item": false, "is_available_in_all_stores": true, "is_batch_item": true}
{"id": 42691, "name": "MARGHERITA", "underline": "120 GR. / PIZZA SNACK", "age_limit": null, "hazard_precaution_statements": [], "labels": [{"id": 9001, "name": "Avisvare", "image": "https://static-assets.digital.rema1000.dk/product/labels/9001-64.webp"}], "description": null, "info": "", "images": [{"small": "https://rema-product-images.digital.rema1000.dk/42691/1-small-3MoMRBlq5E.webp", "medium": "https://rema-product-images.digital.rema1000.dk/42691/1-medium-3MoMRBlq5E.webp", "large": "https://rema-product-images.digital.rema1000.dk/42691/1-large-3MoMRBlq5E.webp"}], "prices": [{"price": 5, "price_over_max_quantity": 9.95, "max_quantity": 6, "is_advertised": true, "is_campaign": true, "starting_at": "2025-08-17T00:00:00+00:00", "ending_at": "2025-08-23T00:00:00+00:00", "deposit": null, "compare_unit": "kg", "compare_unit_price": 41.67, "consumption_unit": null, "consumption_quantity": null}, {"price": 9.95, "price_over_max_quantity": null, "max_quantity": null, "is_advertised": false, "is_campaign": false, "starting_at": "2025-08-24T00:00:00+00:00", "ending_at": "2025-11-15T00:00:00+00:00", "deposit": null, "compare_unit": "kg", "compare_unit_price": 82.92, "consumption_unit": null, "consumption_quantity": null}], "temperature_zone": "frozen_18_degrees_celsius", "is_self_scale_item": false, "is_weight_item": false, "is_available_in_all_stores": true, "is_batch_item": true}
{"id": 42714, "name": "PARISERTOAST", "underline": "200 GR. / STEFF HOULBERG", "age_limit": null, "hazard_precaution_statements": [], "labels": [{"id": 9001, "name": "Avisvare", "image": "https://static-assets.digital.rema1000.dk/product/labels/9001-64.webp"}], "description": null, "info": "", "images": [{"small": "https://rema-product-images.digital.rema1000.dk/42714/1-small-3MovXwL9Ab.webp", "medium": "https://rema-product-images.digital.rema1000.dk/42714/1-medium-3MovXwL9Ab.webp", "large": "https://rema-product-images.digital.rema1000.dk/42714/1-large-3MovXwL9Ab.webp"}], "prices": [{"price": 15, "price_over_max_quantity": null, "max_quantity": null, "is_advertised": true, "is_campaign": true, "starting_at": "2025-08-17T00:00:00+00:00", "ending_at": "2025-08-23T00:00:00+00:00", "deposit": null, "compare_unit": "kg", "compare_unit_price": 75, "consumption_unit": null, "consumption_quantity": null}, {"price": 19.95, "price_over_max_quantity": null, "max_quantity": null, "is_advertised": false, "is_campaign": false, "starting_at": "2025-08-24T00:00:00+00:00", "ending_at": "2099-12-31T00:00:00+00:00", "deposit": null, "compare_unit": "kg", "compare_unit_price": 99.75, "consumption_unit": null, "consumption_quantity": null}], "temperature_zone": "frozen_18_degrees_celsius", "is_self_scale_item": false, "is_weight_item": false, "is_available_in_all_stores": false, "is_batch_item": false}
{"id": 42975, "name": "INDBAGT VILDLAKS", "underline": "500 GR. / REMA 1000, M/HVIDVIN", "age_limit": null, "hazard_precaution_statements": [], "labels": [{"id": 2, "name": "REMA1000", "image": "https://static-assets.digital.rema1000.dk/product/labels/2-64.webp"}, {"id": 9, "name": "MSC", "image": "https://static-assets.digital.rema1000.dk/product/labels/9-64.webp"}], "description": null, "info": "", "images": [{"small": "https://rema-product-images.digital.rema1000.dk/42975/1-small-01q20RZP7n.webp", "medium": "https://rema-product-images.digital.rema1000.dk/42975/1-medium-01q20RZP7n.webp", "large": "https://rema-product-images.digital.rema1000.dk/42975/1-large-01q20RZP7n.webp"}], "prices": [{"price": 47.95, "price_over_max_quantity": null, "max_quantity": null, "is_advertised": false, "is_campaign": false, "starting_at": "2025-06-13T00:00:00+00:00", "ending_at": "2025-09-03T00:00:00+00:00", "deposit": null, "compare_unit": "kg", "compare_unit_price": 95.9, "consumption_unit": null, "consumption_quantity": null}], "temperature_zone": "frozen_18_degrees_celsius", "is_self_scale_item": false, "is_weight_item": false, "is_available_in_all_stores": true, "is_batch_item": false}
{"id": 42980, "name": "INDBAGT LAKS", "underline": "250 GR. / REMA 1000, M. SPINAT", "age_limit": null, "hazard_precaution_statements": [], "labels": [{"id": 2, "name": "REMA1000", "image": "https://static-assets.digital.rema1000.dk/product/labels/2-64.webp"}, {"id": 9, "name": "MSC", "image": "https://static-assets.digital.rema1000.dk/product/labels/9-64.webp"}], "description": null, "info": "", "images": [{"small": "https://rema-product-images.digital.rema1000.dk/42980/1-small-7doLvKW96r.webp", "medium": "https://rema-product-images.digital.rema1000.dk/42980/1-medium-7doLvKW96r.webp", "large": "https://rema-product-images.digital.rema1000.dk/42980/1-large-7doLvKW96r.webp"}], "prices": [{"price": 19.95, "price_over_max_quantity": null, "max_quantity": null, "is_advertised": false, "is_campaign": false, "starting_at": "2023-09-28T00:00:00+00:00", "ending_at": "2025-08-23T00:00:00+00:00", "deposit": null, "compare_unit": "kg", "compare_unit_price": 79.8, "consumption_unit": null, "consumption_quantity": null}], "temperature_zone": "frozen_18_degrees_celsius", "is_self_scale_item": false, "is_weight_item": false, "is_available_in_all_stores": true, "is_batch_item": false}
{"id": 42981, "name": "PANERET FISK M.REJER", "underline": "250 GR. / REMA 1000", "age_limit": null, "hazard_precaution_statements": [], "labels": [{"id": 2, "name": "REMA1000", "image": "https://static-assets.digital.rema1000.dk/product/labels/2-64.webp"}, {"id": 9, "name": "MSC", "image": "https://static-assets.digital.rema1000.dk/product/labels/9-64.webp"}], "description": "fiskefilet ", "info": "", "images": [{"small": "https://rema-product-images.digital.rema1000.dk/42981/1-small-JzPJXEeqkb.webp", "medium": "https://rema-product-images.digital.rema1000.dk/42981/1-medium-JzPJXEeqkb.webp", "large": "https://rema-product-images.digital.rema1000.dk/42981/1-large-JzPJXEeqkb.webp"}], "prices": [{"price": 19.95, "price_over_max_quantity": null, "max_quantity": null, "is_advertised": false, "is_campaign": false, "starting_at": "2023-09-28T00:00:00+00:00", "ending_at": "2025-08-23T00:00:00+00:00", "deposit": null, "compare_unit": "kg", "compare_unit_price": 79.8, "consumption_unit": null, "consumption_quantity": null}], "temperature_zone": "frozen_18_degrees_celsius", "is_self_scale_item": false, "is_weight_item": false, "is_available_in_all_stores": false, "is_batch_item": false}
{"id": 42990, "name": "INDBAGTE REJER M.", "underline": "250 GR. / REMA 1000, ASPARGES,", "age_limit": null, "hazard_precaution_statements": [], "labels": [{"id": 2, "name": "REMA1000", "image": "https://static-assets.digital.rema1000.dk/product/labels/2-64.webp"}, {"id": 9, "name": "MSC", "image": "https://static-assets.digital.rema1000.dk/product/labels/9-64.webp"}], "description": null, "info": "", "images": [{"small": "https://rema-product-images.digital.rema1000.dk/42990/1-small-kAon5JMPx8.webp", "medium": "https://rema-product-images.digital.rema1000.dk/42990/1-medium-kAon5JMPx8.webp", "large": "https://rema-product-images.digital.rema1000.dk/42990/1-large-kAon5JMPx8.webp"}], "prices": [{"price": 19.95, "price_over_max_quantity": null, "max_quantity": null, "is_advertised": false, "is_campaign": false, "starting_at": "2023-09-28T00:00:00+00:00", "ending_at": "2025-08-23T00:00:00+00:00", "deposit": null, "compare_unit": "kg", "compare_unit_price": 79.8, "consumption_unit": null, "consumption_quantity": null}], "temperature_zone": "frozen_18_degrees_celsius", "is_self_scale_item": false, "is_weight_item": false, "is_available_in_all_stores": true, "is_batch_item": false}
{"id": 43000, "name": "PANEREDE FISK", "underline": "500 GR. / REMA 1000, OVNKLARE,", "age_limit": null, "hazard_precaution_statements": [], "labels": [{"id": 2, "name": "REMA1000", "image": "https://static-assets.digital.rema1000.dk/product/labels/2-64.webp"}, {"id": 9, "name": "MSC", "image": "https://static-assets.digital.rema1000.dk/product/labels/9-64.webp"}, {"id": 40, "name": "Nøglehul", "image": "https://static-assets.digital.rema1000.dk/product/labels/40-64.webp"}], "description": null, "info": "", "images": [{"small": "https://rema-product-images.digital.rema1000.dk/43000/1-small-xePwbmd9w8.webp", "medium": "https://rema-product-images.digital.rema1000.dk/43000/1-medium-xePwbmd9w8.webp", "large": "https://rema-product-images.digital.rema1000.dk/43000/1-large-xePwbmd9w8.webp"}], "prices": [{"price": 36.95, "price_over_max_quantity": null, "max_quantity": null, "is_advertised": false, "is_campaign": false, "starting_at": "2025-02-27T00:00:00+00:00", "ending_at": "2099-12-31T00:00:00+00:00", "deposit": null, "compare_unit": "kg", "compare_unit_price": 73.9, "consumption_unit": null, "consumption_quantity": null}], "temperature_zone": "frozen_18_degrees_celsius", "is_self_scale_item": false, "is_weight_item": false, "is_available_in_all_stores": true, "is_batch_item": false}
{"id": 43006, "name": "STORE VESTERHAVS RØDSPÆTTER", "underline": "500 GR. / REMA 1000", "age_limit": null, "hazard_precaution_statements": [], "labels": [{"id": 2, "name": "REMA1000", "image": "https://static-assets.digital.rema1000.dk/product/labels/2-64.webp"}, {"id": 9, "name": "MSC", "image": "https://static-assets.digital.rema1000.dk/product/labels/9-64.webp"}, {"id": 70, "name": "Dansk", "image": "https://static-assets.digital.rema1000.dk/product/labels/70-64.webp"}], "description": null, "info": "", "images": [{"small": "https://rema-product-images.digital.rema1000.dk/43006/1-small-vVor7dJq3z.webp", "medium": "https://rema-product-images.digital.rema1000.dk/43006/1-medium-vVor7dJq3z.webp", "large": "https://rema-product-images.digital.rema1000.dk/43006/1-large-vVor7dJq3z.webp"}], "prices": [{"price": 59, "price_over_max_quantity": null, "max_quantity": null, "is_advertised": false, "is_campaign": false, "starting_at": "2025-02-20T00:00:00+00:00", "ending_at": "2099-12-31T00:00:00+00:00", "deposit": null, "compare_unit": "kg", "compare_unit_price": 118, "consumption_unit": null, "consumption_quantity": null}], "temperature_zone": "frozen_18_degrees_celsius", "is_self_scale_item": false, "is_weight_item": false, "is_available_in_all_stores": true, "is_batch_item": false}
{"id": 43015, "name": "FISH AND CRISP", "underline": "480 GR.", "age_limit": null, "hazard_precaution_statements": [], "labels": [{"id": 9, "name": "MSC", "image": "https://static-assets.digital.rema1000.dk/product/labels/9-64.webp"}], "description": null, "info": "Handelsbetegnelse: Gadus chalcogrammus (Alaskasej)\nProduktionsmetode: Marine fiskeri (Maritim fiskeri)\nFangstområde: Nordøstlige Stillehav\nFiskeredskabskategori: Trawl (03)", "images": [{"small": "https://rema-product-images.digital.rema1000.dk/43015/1-small-KpqRez3oLz.webp", "medium": "https://rema-product-images.digital.rema1000.dk/43015/1-medium-KpqRez3oLz.webp", "large": "https://rema-product-images.digital.rema1000.dk/43015/1-large-KpqRez3oLz.webp"}], "prices": [{"price": 39.95, "price_over_max_quantity": null, "max_quantity": null, "is_advertised": false, "is_campaign": false, "starting_at": "2025-03-11T00:00:00+00:00", "ending_at": "2025-09-13T00:00:00+00:00", "deposit": null, "compare_unit": "kg", "compare_unit_price": 83.23, "consumption_unit": null, "consumption_quantity": null}], "temperature_zone": "frozen_18_degrees_celsius", "is_self_scale_item": false, "is_weight_item": false, "is_available_in_all_stores": true, "is_batch_item": false}
{"id": 43022, "name": "FISKEPINDE", "underline": "450 GR. / REMA 1000", "age_limit": null, "hazard_precaution_statements": [], "labels": [{"id": 2, "name": "REMA1000", "image": "https://static-assets.digital.rema1000.dk/product/labels/2-64.webp"}, {"id": 9, "name": "MSC", "image": "https://static-assets.digital.rema1000.dk/product/labels/9-64.webp"}, {"id": 40, "name": "Nøglehul", "image": "https://static-assets.digital.rema1000.dk/product/labels/40-64.webp"}], "description": null, "info": "Handelsbetegnelse: Alaska Pollock (Theragra chalcogramma)\nProduktionsmetode: Fanget\nFangstområde: FAO 61,67\nFiskeredskabskategori: Trawl", "images": [{"small": "https://rema-product-images.digital.rema1000.dk/43022/1-small-pyozA4LPXn.webp", "medium": "https://rema-product-images.digital.rema1000.dk/43022/1-medium-pyozA4LPXn.webp", "large": "https://rema-product-images.digital.rema1000.dk/43022/1-large-pyozA4LPXn.webp"}], "prices": [{"price": 26.95, "price_over_max_quantity": null, "max_quantity": null, "is_advertised": false, "is_campaign": false, "starting_at": "2023-06-15T00:00:00+00:00", "ending_at": "2025-10-01T00:00:00+00:00", "deposit": null, "compare_unit": "kg", "compare_unit_price": 59.89, "consumption_unit": null, "consumption_quantity": null}], "temperature_zone": "frozen_18_degrees_celsius", "is_self_scale_item": false, "is_weight_item": false, "is_available_in_all_stores": true, "is_batch_item": false}
{"id": 43047, "name": "EKSTRA STORE REJER", "underline": "200 GR. / REMA 1000, GRØNDLANDSKE", "age_limit": null, "hazard_precaution_statements": [], "labels": [{"id": 2, "name": "REMA1000", "image": "https://static-assets.digital.rema1000.dk/product/labels/2-64.webp"}, {"id": 9, "name": "MSC", "image": "https://static-assets.digital.rema1000.dk/product/labels/9-64.webp"}, {"id": 40, "name": "Nøglehul", "image": "https://static-assets.digital.rema1000.dk/product/labels/40-64.webp"}], "description": "Esktra store grønlandske rejer, af bedste kvalitet.", "info": "Handelsbetegnelse: Skal rejer (Pandalus Borealis)\nProduktionsmetode: fanget\nFangstområde: Nordvestlige Atlanterhav\nFiskeredskabskategori: Trawl", "images": [{"small": "https://rema-product-images.digital.rema1000.dk/43047/1-small-3MoMRp4q5E.webp", "medium": "https://rema-product-images.digital.rema1000.dk/43047/1-medium-3MoMRp4q5E.webp", "large": "https://rema-product-images.digital.rema1000.dk/43047/1-large-3MoMRp4q5E.webp"}], "prices": [{"price": 31.95, "price_over_max_quantity": null, "max_quantity": null, "is_advertised": false, "is_campaign": false, "starting_at": "2023-01-05T00:00:00+00:00", "ending_at": "2025-09-13T00:00:00+00:00", "deposit": null, "compare_unit": "kg", "compare_unit_price": 159.75, "consumption_unit": null, "consumption_quantity": null}], "temperature_zone": "frozen_18_degrees_celsius", "is_self_scale_item": false, "is_weight_item": false, "is_available_in_all_stores": true, "is_batch_item": false}
{"id": 43086, "name": "TORPEDOREJER", "underline": "160 GR. / REMA 1000", "age_limit": null, "hazard_precaution_statements": [], "labels": [{"id": 2, "name": "REMA1000", "image": "https://static-assets.digital.rema1000.dk/product/labels/2-64.webp"}, {"id": 45, "name": "ASC", "image": "https://static-assets.digital.rema1000.dk/product/labels/45-64.webp"}], "description": null, "info": "", "images": [{"small": "https://rema-product-images.digital.rema1000.dk/43086/1-small-A4PyRXyoLV.webp", "medium": "https://rema-product-images.digital.rema1000.dk/43086/1-medium-A4PyRXyoLV.webp", "large": "https://rema-product-images.digital.rema1000.dk/43086/1-large-A4PyRXyoLV.webp"}], "prices": [{"price": 25, "price_over_max_quantity": null, "max_quantity": null, "is_advertised": false, "is_campaign": false, "starting_at": "2023-06-15T00:00:00+00:00", "ending_at": "2025-09-06T00:00:00+00:00", "deposit": null, "compare_unit": "kg", "compare_unit_price": 156.25, "consumption_unit": null, "consumption_quantity": null}], "temperature_zone": "frozen_18_degrees_celsius", "is_self_scale_item": false, "is_weight_item": false, "is_available_in_all_stores": true, "is_batch_item": false}
{"id": 43249, "name": "VANNAMEI REJER RÅ", "underline": "200 GR. / REMA 1000", "age_limit": null, "hazard_precaution_statements": [], "labels": [{"id": 2, "name": "REMA1000", "image": "https://static-assets.digital.rema1000.dk/product/labels/2-64.webp"}, {"id": 40, "name": "Nøglehul", "image": "https://static-assets.digital.rema1000.dk/product/labels/40-64.webp"}, {"id": 45, "name": "ASC", "image": "https://static-assets.digital.rema1000.dk/product/labels/45-64.webp"}], "description": "Vannameirejer fra bæredygtige ASC certificeret produktion i Vietnam", "info": "Handelsbetegnelse: Vannamei rejer (Litopenaeus vannamei)\nProduktionsmetode: Opdræt\nFangstområde: Vietnam\nFiskeredskabskategori: N/A - opdræt", "images": [{"small": "https://rema-product-images.digital.rema1000.dk/43249/1-small-xQq8Aez9Zd.webp", "medium": "https://rema-product-images.digital.rema1000.dk/43249/1-medium-xQq8Aez9Zd.webp", "large": "https://rema-product-images.digital.rema1000.dk/43249/1-large-xQq8Aez9Zd.webp"}], "prices": [{"price": 29.95, "price_over_max_quantity": null, "max_quantity": null, "is_advertised": false, "is_campaign": false, "starting_at": "2023-11-30T00:00:00+00:00", "ending_at": "2025-08-30T00:00:00+00:00", "deposit": null, "compare_unit": "kg", "compare_unit_price": 149.75, "consumption_unit": null, "consumption_quantity": null}], "temperature_zone": "frozen_18_degrees_celsius", "is_self_scale_item": false, "is_weight_item": false, "is_available_in_all_stores": true, "is_batch_item": false}
{"id": 43250, "name": "VANNAMEI REJER KOGTE", "underline": "200 GR. / REMA 1000", "age_limit": null, "hazard_precaution_statements": [], "labels": [{"id": 2, "name": "REMA1000", "image": "https://static-assets.digital.rema1000.dk/product/labels/2-64.webp"}, {"id": 40, "name": "Nøglehul", "image": "https://static-assets.digital.rema1000.dk/product/labels/40-64.webp"}, {"id": 45, "name": "ASC", "image": "https://static-assets.digital.rema1000.dk/product/labels/45-64.webp"}], "description": "Vannameirejer fra bæredygtige ASC certificeret produktion i Vietnam", "info": "Handelsbetegnelse: Vannamei rejer (Litopenaeus vannamei)\nProduktionsmetode: opdræt\nFangstområde: Vietnam\nFiskeredskabskategori: N/A - opdræt", "images": [{"small": "https://rema-product-images.digital.rema1000.dk/43250/1-small-vVor7Bpq3z.webp", "medium": "https://rema-product-images.digital.rema1000.dk/43250/1-medium-vVor7Bpq3z.webp", "large": "https://rema-product-images.digital.rema1000.dk/43250/1-large-vVor7Bpq3z.webp"}], "prices": [{"price": 29.95, "price_over_max_quantity": null, "max_quantity": null, "is_advertised": false, "is_campaign": false, "starting_at": "2023-11-30T00:00:00+00:00", "ending_at": "2025-08-30T00:00:00+00:00", "deposit": null, "compare_unit": "kg", "compare_unit_price": 149.75, "consumption_unit": null, "consumption_quantity": null}], "temperature_zone": "frozen_18_degrees_celsius", "is_self_scale_item": false, "is_weight_item": false, "is_available_in_all_stores": true, "is_batch_item": false}
{"id": 43269, "name": "DANSK ØRREDFILET", "underline": "400 GR. / MUSHOLM", "age_limit": null, "hazard_precaution_statements": [], "labels": [{"id": 40, "name": "Nøglehul", "image": "https://static-assets.digital.rema1000.dk/product/labels/40-64.webp"}, {"id": 45, "name": "ASC", "image": "https://static-assets.digital.rema1000.dk/product/labels/45-64.webp"}], "description": "Danske ørreder fra bæredygtige ASC certificerede havbrug ved Musholm i Storebælt.", "info": "Handelsbetegnelse: Regnbueørred (Oncorhynchus mykiss)\nProduktionsmetode: opdrættet - akvakultur\nFangstområde: Storebælt\nFiskeredskabskategori: N/A - opdræt", "images": [{"small": "https://rema-product-images.digital.rema1000.dk/43269/1-small-Ea91KvxozY.webp", "medium": "https://rema-product-images.digital.rema1000.dk/43269/1-medium-Ea91KvxozY.webp", "large": "https://rema-product-images.digital.rema1000.dk/43269/1-large-Ea91KvxozY.webp"}], "prices": [{"price": 69.95, "price_over_max_quantity": null, "max_quantity": null, "is_advertised": false, "is_campaign": false, "starting_at": "2024-12-15T00:00:00+00:00", "ending_at": "2099-12-31T00:00:00+00:00", "deposit": null, "compare_unit": "kg", "compare_unit_price": 174.88, "consumption_unit": null, "consumption_quantity": null}], "temperature_zone": "frozen_18_degrees_celsius", "is_self_scale_item": false, "is_weight_item": false, "is_available_in_all_stores": true, "is_batch_item": false}
{"id": 43275, "name": "LAKSEFILET 4 X 100G", "underline": "400 GR. / DANSK, ASC", "age_limit": null, "hazard_precaution_statements": [], "labels": [{"id": 40, "name": "Nøglehul", "image": "https://static-assets.digital.rema1000.dk/product/labels/40-64.webp"}, {"id": 45, "name": "ASC", "image": "https://static-assets.digital.rema1000.dk/product/labels/45-64.webp"}, {"id": 70, "name": "Dansk", "image": "https://static-assets.digital.rema1000.dk/product/labels/70-64.webp"}], "description": null, "info": "Handelsbetegnelse: Salmo salar (Laks; atlantisk laks; østersølaks)\nProduktionsmetode: Akvakultur\nFangstområde: Skagerrak og Kattegat\nFiskeredskabskategori: Ringnet", "images": [{"small": "https://rema-product-images.digital.rema1000.dk/43275/1-small-01q20w4P7n.webp", "medium": "https://rema-product-images.digital.rema1000.dk/43275/1-medium-01q20w4P7n.webp", "large": "https://rema-product-images.digital.rema1000.dk/43275/1-large-01q20w4P7n.webp"}], "prices": [{"price": 79.95, "price_over_max_quantity": null, "max_quantity": null, "is_advertised": false, "is_campaign": false, "starting_at": "2025-05-01T00:00:00+00:00", "ending_at": "2099-12-31T00:00:00+00:00", "deposit": null, "compare_unit": "kg", "compare_unit_price": 199.88, "consumption_unit": null, "consumption_quantity": null}], "temperature_zone": "frozen_18_degrees_celsius", "is_self_scale_item": false, "is_weight_item": false, "is_available_in_all_stores": true, "is_batch_item": false}
{"id": 43362, "name": "TUNSTEAKS", "underline": "225 GR. / REMA 1000", "age_limit": null, "hazard_precaution_statements": [], "labels": [{"id": 2, "name": "REMA1000", "image": "https://static-assets.digital.rema1000.dk/product/labels/2-64.webp"}, {"id": 9, "name": "MSC", "image": "https://static-assets.digital.rema1000.dk/product/labels/9-64.webp"}, {"id": 40, "name": "Nøglehul", "image": "https://static-assets.digital.rema1000.dk/product/labels/40-64.webp"}], "description": null, "info": "Handelsbetegnelse: Thunnus albacares ()\nProduktionsmetode: Marine fiskeri (Maritim fiskeri)\nFangstområde: Centrale Stillehav, vestlige del\nFiskeredskabskategori: Kroge og liner - Langliner (ikke specificeret) (LL)", "images": [{"small": "https://rema-product-images.digital.rema1000.dk/43362/1-small-2B94XJX9kM.webp", "medium": "https://rema-product-images.digital.rema1000.dk/43362/1-medium-2B94XJX9kM.webp", "large": "https://rema-product-images.digital.rema1000.dk/43362/1-large-2B94XJX9kM.webp"}], "prices": [{"price": 34.95, "price_over_max_quantity": null, "max_quantity": null, "is_advertised": false, "is_campaign": false, "starting_at": "2024-01-24T00:00:00+00:00", "ending_at": "2025-08-30T00:00:00+00:00", "deposit": null, "compare_unit": "kg", "compare_unit_price": 155.33, "consumption_unit": null, "consumption_quantity": null}], "temperature_zone": "frozen_18_degrees_celsius", "is_self_scale_item": false, "is_weight_item": false, "is_available_in_all_stores": true, "is_batch_item": false}
{"id": 43800, "name": "FOCACCIA PEPPERONI", "underline": "400 GR. / REMA 1000", "age_limit": null, "hazard_precaution_statements": [], "labels": [{"id": 9001, "name": "Avisvare", "image": "https://static-assets.digital.rema1000.dk/product/labels/9001-64.webp"}, {"id": 2, "name": "REMA1000", "image": "https://static-assets.digital.rema1000.dk/product/labels/2-64.webp"}], "description": null, "info": "", "images": [{"small": "https://rema-product-images.digital.rema1000.dk/43800/1-small-xePwbj19w8.webp", "medium": "https://rema-product-images.digital.rema1000.dk/43800/1-medium-xePwbj19w8.webp", "large": "https://rema-product-images.digital.rema1000.dk/43800/1-large-xePwbj19w8.webp"}], "prices": [{"price": 20, "price_over_max_quantity": 26.95, "max_quantity": 6, "is_advertised": true, "is_campaign": true, "starting_at": "2025-08-17T00:00:00+00:00", "ending_at": "2025-08-23T00:00:00+00:00", "deposit": null, "compare_unit": "kg", "compare_unit_price": 50, "consumption_unit": null, "consumption_quantity": null}, {"price": 26.95, "price_over_max_quantity": null, "max_quantity": null, "is_advertised": false, "is_campaign": false, "starting_at": "2025-08-24T00:00:00+00:00", "ending_at": "2099-12-31T00:00:00+00:00", "deposit": null, "compare_unit": "kg", "compare_unit_price": 67.38, "consumption_unit": null, "consumption_quantity": null}], "temperature_zone": "frozen_18_degrees_celsius", "is_self_scale_item": false, "is_weight_item": false, "is_available_in_all_stores": true, "is_batch_item": false}
{"id": 43808, "name": "KEBAB PIZZA", "underline": "484 GR. / SAN MARCO, DEEP PAN", "age_limit": null, "hazard_precaution_statements": [], "labels": [{"id": 9001, "name": "Avisvare", "image": "https://static-assets.digital.rema1000.dk/product/labels/9001-64.webp"}], "description": null, "info": "", "images": [{"small": "https://rema-product-images.digital.rema1000.dk/43808/1-small-NpP7R3l9Ol.webp", "medium": "https://rema-product-images.digital.rema1000.dk/43808/1-medium-NpP7R3l9Ol.webp", "large": "https://rema-product-images.digital.rema1000.dk/43808/1-large-NpP7R3l9Ol.webp"}], "prices": [{"price": 20, "price_over_max_quantity": 27.95, "max_quantity": 6, "is_advertised": true, "is_campaign": true, "starting_at": "2025-08-17T00:00:00+00:00", "ending_at": "2025-08-23T00:00:00+00:00", "deposit": null, "compare_unit": "kg", "compare_unit_price": 41.32, "consumption_unit": null, "consumption_quantity": null}, {"price": 27.95, "price_over_max_quantity": null, "max_quantity": null, "is_advertised": false, "is_campaign": false, "starting_at": "2025-08-24T00:00:00+00:00", "ending_at": "2099-12-31T00:00:00+00:00", "deposit": null, "compare_unit": "kg", "compare_unit_price": 57.75, "consumption_unit": null, "consumption_quantity": null}], "temperature_zone": "frozen_18_degrees_celsius", "is_self_scale_item": false, "is_weight_item": false, "is_available_in_all_stores": true, "is_batch_item": false}
{"id": 43821, "name": "HAWAII PIZZA", "underline": "710 GR. / DR. OETKER, RISTORANTE", "age_limit": null, "hazard_precaution_statements": [], "labels": [], "description": null, "info": "", "images": [{"small": "https://rema-product-images.digital.rema1000.dk/43821/1-small-bJ9YNmvPL5.webp", "medium": "https://rema-product-images.digital.rema1000.dk/43821/1-medium-bJ9YNmvPL5.webp", "large": "https://rema-product-images.digital.rema1000.dk/43821/1-large-bJ9YNmvPL5.webp"}], "prices": [{"price": 49.95, "price_over_max_quantity": null, "max_quantity": null, "is_advertised": false, "is_campaign": false, "starting_at": "2024-05-30T00:00:00+00:00", "ending_at": "2025-09-06T00:00:00+00:00", "deposit": null, "compare_unit": "kg", "compare_unit_price": 70.35, "consumption_unit": null, "consumption_quantity": null}], "temperature_zone": "frozen_18_degrees_celsius", "is_self_scale_item": false, "is_weight_item": false, "is_available_in_all_stores": true, "is_batch_item": false}
{"id": 43824, "name": "SALAME PIZZA", "underline": "640 GR. / DR. OETKER, RISTORANTE", "age_limit": null, "hazard_precaution_statements": [], "labels": [], "description": null, "info": "", "images": [{"small": "https://rema-product-images.digital.rema1000.dk/43824/1-small-vXodNvm93k.webp", "medium": "https://rema-product-images.digital.rema1000.dk/43824/1-medium-vXodNvm93k.webp", "large": "https://rema-product-images.digital.rema1000.dk/43824/1-large-vXodNvm93k.webp"}], "prices": [{"price": 49.95, "price_over_max_quantity": null, "max_quantity": null, "is_advertised": false, "is_campaign": false, "starting_at": "2024-05-30T00:00:00+00:00", "ending_at": "2025-09-06T00:00:00+00:00", "deposit": null, "compare_unit": "kg", "compare_unit_price": 78.05, "consumption_unit": null, "consumption_quantity": null}], "temperature_zone": "frozen_18_degrees_celsius", "is_self_scale_item": false, "is_weight_item": false, "is_available_in_all_stores": true, "is_batch_item": false}
{"id": 43830, "name": "PIZZA MARGHERITA", "underline": "640 GR. / REMA 1000", "age_limit": null, "hazard_precaution_statements": [], "labels": [{"id": 2, "name": "REMA1000", "image": "https://static-assets.digital.rema1000.dk/product/labels/2-64.webp"}], "description": null, "info": "", "images": [{"small": "https://rema-product-images.digital.rema1000.dk/43830/1-small-869Dr2BoMa.webp", "medium": "https://rema-product-images.digital.rema1000.dk/43830/1-medium-869Dr2BoMa.webp", "large": "https://rema-product-images.digital.rema1000.dk/43830/1-large-869Dr2BoMa.webp"}], "prices": [{"price": 29.95, "price_over_max_quantity": null, "max_quantity": null, "is_advertised": false, "is_campaign": false, "starting_at": "2024-10-16T00:00:00+00:00", "ending_at": "2099-12-31T00:00:00+00:00", "deposit": null, "compare_unit": "kg", "compare_unit_price": 46.8, "consumption_unit": null, "consumption_quantity": null}], "temperature_zone": "frozen_18_degrees_celsius", "is_self_scale_item": false, "is_weight_item": false, "is_available_in_all_stores": true, "is_batch_item": false}
{"id": 43840, "name": "PEPPERONI PIZZA", "underline": "468 GR. / SAN MARCO, DEEP PAN", "age_limit": null, "hazard_precaution_statements": [], "labels": [{"id": 9001, "name": "Avisvare", "image": "https://static-assets.digital.rema1000.dk/product/labels/9001-64.webp"}], "description": null, "info": "", "images": [{"small": "https://rema-product-images.digital.rema1000.dk/43840/1-small-rQqQ62Y9ea.webp", "medium": "https://rema-product-images.digital.rema1000.dk/43840/1-medium-rQqQ62Y9ea.webp", "large": "https://rema-product-images.digital.rema1000.dk/43840/1-large-rQqQ62Y9ea.webp"}], "prices": [{"price": 20, "price_over_max_quantity": 26.95, "max_quantity": 6, "is_advertised": true, "is_campaign": true, "starting_at": "2025-08-17T00:00:00+00:00", "ending_at": "2025-08-23T00:00:00+00:00", "deposit": null, "compare_unit": "kg", "compare_unit_price": 42.74, "consumption_unit": null, "consumption_quantity": null}, {"price": 26.95, "price_over_max_quantity": null, "max_quantity": null, "is_advertised": false, "is_campaign": false, "starting_at": "2025-08-24T00:00:00+00:00", "ending_at": "2099-12-31T00:00:00+00:00", "deposit": null, "compare_unit": "kg", "compare_unit_price": 57.59, "consumption_unit": null, "consumption_quantity": null}], "temperature_zone": "frozen_18_degrees_celsius", "is_self_scale_item": false, "is_weight_item": false, "is_available_in_all_stores": true, "is_batch_item": false}
{"id": 43841, "name": "HAWAIIAN PIZZA", "underline": "478 GR. / SAN MARCO, DEEP PAN", "age_limit": null, "hazard_precaution_statements": [], "labels": [{"id": 9001, "name": "Avisvare", "image": "https://static-assets.digital.rema1000.dk/product/labels/9001-64.webp"}], "description": null, "info": "", "images": [{"small": "https://rema-product-images.digital.rema1000.dk/43841/1-small-we9Eg27ogp.webp", "medium": "https://rema-product-images.digital.rema1000.dk/43841/1-medium-we9Eg27ogp.webp", "large": "https://rema-product-images.digital.rema1000.dk/43841/1-large-we9Eg27ogp.webp"}], "prices": [{"price": 20, "price_over_max_quantity": null, "max_quantity": null, "is_advertised": true, "is_campaign": false, "starting_at": "2025-08-18T00:00:00+00:00", "ending_at": "2025-11-15T00:00:00+00:00", "deposit": null, "compare_unit": "kg", "compare_unit_price": 41.84, "consumption_unit": null, "consumption_quantity": null}], "temperature_zone": "frozen_18_degrees_celsius", "is_self_scale_item": false, "is_weight_item": false, "is_available_in_all_stores": true, "is_batch_item": true}
{"id": 43879, "name": "PROSCIUTTO RUCOLA", "underline": "395 GR. / MODENA, PIZZA", "age_limit": null, "hazard_precaution_statements": [], "labels": [{"id": 2, "name": "REMA1000", "image": "https://static-assets.digital.rema1000.dk/product/labels/2-64.webp"}], "description": "Original italiensk kvalitetspizza fra Modena i Norditalien. Pizzadejen er langttidshævet ca. et døgn, herefter håndformet og pyntet med råvarer - valgt med omhu - og til sidst bagt over åben ild i en original pizzaovn opvarmet med bøge- og egetræ ! En ekstra sprød bund og lækkert fyld af tomater, mozzarellaost og rucola. Hertil en letsaltet lufttørret bøgerøget skinke - som lægges over den bagte pizza, efter den har været i ovnen, og umiddelbart før servering - det giver en frisk smagsoplevelse ", "info": "", "images": [{"small": "https://rema-product-images.digital.rema1000.dk/43879/1-small-Gb9kB8Eq75.webp", "medium": "https://rema-product-images.digital.rema1000.dk/43879/1-medium-Gb9kB8Eq75.webp", "large": "https://rema-product-images.digital.rema1000.dk/43879/1-large-Gb9kB8Eq75.webp"}], "prices": [{"price": 32.95, "price_over_max_quantity": null, "max_quantity": null, "is_advertised": false, "is_campaign": false, "starting_at": "2024-08-01T00:00:00+00:00", "ending_at": "2099-12-31T00:00:00+00:00", "deposit": null, "compare_unit": "kg", "compare_unit_price": 83.42, "consumption_unit": null, "consumption_quantity": null}], "temperature_zone": "frozen_18_degrees_celsius", "is_self_scale_item": false, "is_weight_item": false, "is_available_in_all_stores": true, "is_batch_item": false}
{"id": 43888, "name": "PANCETTA E FUNGHI", "underline": "420 GR. / MODENA, PIZZA", "age_limit": null, "hazard_precaution_statements": [], "labels": [{"id": 2, "name": "REMA1000", "image": "https://static-assets.digital.rema1000.dk/product/labels/2-64.webp"}], "description": null, "info": "", "images": [{"small": "https://rema-product-images.digital.rema1000.dk/43888/1-small-xePwbp19w8.webp", "medium": "https://rema-product-images.digital.rema1000.dk/43888/1-medium-xePwbp19w8.webp", "large": "https://rema-product-images.digital.rema1000.dk/43888/1-large-xePwbp19w8.webp"}], "prices": [{"price": 29.95, "price_over_max_quantity": null, "max_quantity": null, "is_advertised": false, "is_campaign": false, "starting_at": "2024-10-03T00:00:00+00:00", "ending_at": "2099-12-31T00:00:00+00:00", "deposit": null, "compare_unit": "kg", "compare_unit_price": 71.31, "consumption_unit": null, "consumption_quantity": null}], "temperature_zone": "frozen_18_degrees_celsius", "is_self_scale_item": false, "is_weight_item": false, "is_available_in_all_stores": true, "is_batch_item": false}
{"id": 43889, "name": "DIAVOLA", "underline": "420 GR. / MODENA, PIZZA", "age_limit": null, "hazard_precaution_statements": [], "labels": [{"id": 2, "name": "REMA1000", "image": "https://static-assets.digital.rema1000.dk/product/labels/2-64.webp"}], "description": "Original italiensk kvalitetspizza fra Modena i Norditalien. Pizzadejen er langttidshævet ca. et døgn, herefter håndformet og pyntet med råvarer - valgt med omhu - og til sidst bagt over åben ild i en original pizzaovn opvarmet med bøge- og egetræ ! En ekstra sprød bund og lækkert fyld af Chorizo, jalepeños, syltede røde pebre og chili. En medium stærk pizza, med masser af smag !", "info": "", "images": [{"small": "https://rema-product-images.digital.rema1000.dk/43889/1-small-ElPB5lQ9kG.webp", "medium": "https://rema-product-images.digital.rema1000.dk/43889/1-medium-ElPB5lQ9kG.webp", "large": "https://rema-product-images.digital.rema1000.dk/43889/1-large-ElPB5lQ9kG.webp"}], "prices": [{"price": 29.95, "price_over_max_quantity": null, "max_quantity": null, "is_advertised": false, "is_campaign": false, "starting_at": "2024-10-03T00:00:00+00:00", "ending_at": "2099-12-31T00:00:00+00:00", "deposit": null, "compare_unit": "kg", "compare_unit_price": 71.31, "consumption_unit": null, "consumption_quantity": null}], "temperature_zone": "frozen_18_degrees_celsius", "is_self_scale_item": false, "is_weight_item": false, "is_available_in_all_stores": true, "is_batch_item": false}
{"id": 43893, "name": "PROSCIUTTO", "underline": "425 GR. / MODENA, E SPINACI PIZZA", "age_limit": null, "hazard_precaution_statements": [], "labels": [{"id": 2, "name": "REMA1000", "image": "https://static-assets.digital.rema1000.dk/product/labels/2-64.webp"}], "description": "Original italiensk kvalitetspizza fra Modena i Norditalien. Pizzadejen er langttidshævet ca. et døgn, herefter håndformet og pyntet med råvarer - valgt med omhu - og til sidst bagt over åben ild i en original pizzaovn opvarmet med bøge- og egetræ ! En ekstra sprød bund og lækkert fyld af letsaltet prosciutto skinke, spinat-basilikum pesto, og pyntet med en sød og mild provola ost.", "info": "", "images": [{"small": "https://rema-product-images.digital.rema1000.dk/43893/1-small-xQq8ALM9Zd.webp", "medium": "https://rema-product-images.digital.rema1000.dk/43893/1-medium-xQq8ALM9Zd.webp", "large": "https://rema-product-images.digital.rema1000.dk/43893/1-large-xQq8ALM9Zd.webp"}], "prices": [{"price": 32.95, "price_over_max_quantity": null, "max_quantity": null, "is_advertised": false, "is_campaign": false, "starting_at": "2024-10-03T00:00:00+00:00", "ending_at": "2099-12-31T00:00:00+00:00", "deposit": null, "compare_unit": "kg", "compare_unit_price": 77.53, "consumption_unit": null, "consumption_quantity": null}], "temperature_zone": "frozen_18_degrees_celsius", "is_self_scale_item": false, "is_weight_item": false, "is_available_in_all_stores": true, "is_batch_item": false}
{"id": 43894, "name": "BOLOGNESE", "underline": "440 GR. / MODENA, PIZZA", "age_limit": null, "hazard_precaution_statements": [], "labels": [{"id": 2, "name": "REMA1000", "image": "https://static-assets.digital.rema1000.dk/product/labels/2-64.webp"}], "description": "Original italiensk kvalitetspizza fra Modena i Norditalien. Pizzadejen er langttidshævet ca. et døgn, herefter håndformet og pyntet med råvarer - valgt med omhu - og til sidst bagt over åben ild i en original pizzaovn opvarmet med bøge- og egetræ ! En ekstra sprød bund og lækkert fyld af krydret og saftig hakket oksekød, røget bacon, grillede gule pebre, saftige rødløg og mozzarellaost.", "info": "", "images": [{"small": "https://rema-product-images.digital.rema1000.dk/43894/1-small-vVor7Xvq3z.webp", "medium": "https://rema-product-images.digital.rema1000.dk/43894/1-medium-vVor7Xvq3z.webp", "large": "https://rema-product-images.digital.rema1000.dk/43894/1-large-vVor7Xvq3z.webp"}], "prices": [{"price": 29.95, "price_over_max_quantity": null, "max_quantity": null, "is_advertised": false, "is_campaign": false, "starting_at": "2024-10-03T00:00:00+00:00", "ending_at": "2099-12-31T00:00:00+00:00", "deposit": null, "compare_unit": "kg", "compare_unit_price": 68.07, "consumption_unit": null, "consumption_quantity": null}], "temperature_zone": "frozen_18_degrees_celsius", "is_self_scale_item": false, "is_weight_item": false, "is_available_in_all_stores": true, "is_batch_item": false}
{"id": 43896, "name": "PATATE MASCARPONE", "underline": "410 GR. / MODENA PIZZA", "age_limit": null, "hazard_precaution_statements": [], "labels": [{"id": 2, "name": "REMA1000", "image": "https://static-assets.digital.rema1000.dk/product/labels/2-64.webp"}], "description": null, "info": "", "images": [{"small": "https://rema-product-images.digital.rema1000.dk/43896/1-small-NpP7RLl9Ol.webp", "medium": "https://rema-product-images.digital.rema1000.dk/43896/1-medium-NpP7RLl9Ol.webp", "large": "https://rema-product-images.digital.rema1000.dk/43896/1-large-NpP7RLl9Ol.webp"}], "prices": [{"price": 29.95, "price_over_max_quantity": null, "max_quantity": null, "is_advertised": false, "is_campaign": false, "starting_at": "2024-10-14T00:00:00+00:00", "ending_at": "2099-12-31T00:00:00+00:00", "deposit": null, "compare_unit": "kg", "compare_unit_price": 73.05, "consumption_unit": null, "consumption_quantity": null}], "temperature_zone": "frozen_18_degrees_celsius", "is_self_scale_item": false, "is_weight_item": false, "is_available_in_all_stores": true, "is_batch_item": false}
{"id": 43905, "name": "PIZZA PEPPERONI", "underline": "317 GR. / REMA 1000, GLUTENFRI", "age_limit": null, "hazard_precaution_statements": [], "labels": [{"id": 2, "name": "REMA1000", "image": "https://static-assets.digital.rema1000.dk/product/labels/2-64.webp"}, {"id": 38, "name": "Gluten fri", "image": "https://static-assets.digital.rema1000.dk/product/labels/38-64.webp"}], "description": null, "info": "", "images": [{"small": "https://rema-product-images.digital.rema1000.dk/43905/1-small-xQq8ALn9Zd.webp", "medium": "https://rema-product-images.digital.rema1000.dk/43905/1-medium-xQq8ALn9Zd.webp", "large": "https://rema-product-images.digital.rema1000.dk/43905/1-large-xQq8ALn9Zd.webp"}], "prices": [{"price": 34.95, "price_over_max_quantity": null, "max_quantity": null, "is_advertised": false, "is_campaign": false, "starting_at": "2025-04-10T00:00:00+00:00", "ending_at": "2099-12-31T00:00:00+00:00", "deposit": null, "compare_unit": "kg", "compare_unit_price": 110.25, "consumption_unit": null, "consumption_quantity": null}], "temperature_zone": "frozen_18_degrees_celsius", "is_self_scale_item": false, "is_weight_item": false, "is_available_in_all_stores": true, "is_batch_item": false}
{"id": 43914, "name": "MINIRULLER SPRING ROLLS", "underline": "400 GR. / DALOON, M GRØNT", "age_limit": null, "hazard_precaution_statements": [], "labels": [], "description": null, "info": "", "images": [{"small": "https://rema-product-images.digital.rema1000.dk/43914/1-small-3MovXkw9Ab.webp", "medium": "https://rema-product-images.digital.rema1000.dk/43914/1-medium-3MovXkw9Ab.webp", "large": "https://rema-product-images.digital.rema1000.dk/43914/1-large-3MovXkw9Ab.webp"}], "prices": [{"price": 29.95, "price_over_max_quantity": null, "max_quantity": null, "is_advertised": false, "is_campaign": false, "starting_at": "2025-08-07T00:00:00+00:00", "ending_at": "2099-12-31T00:00:00+00:00", "deposit": null, "compare_unit": "kg", "compare_unit_price": 74.88, "consumption_unit": null, "consumption_quantity": null}], "temperature_zone": "frozen_18_degrees_celsius", "is_self_scale_item": false, "is_weight_item": false, "is_available_in_all_stores": true, "is_batch_item": false}
{"id": 43920, "name": "FILET STYKKER", "underline": "320 GR. / HÄLSANS KÖK", "age_limit": null, "hazard_precaution_statements": [], "labels": [], "description": null, "info": "", "images": [{"small": "https://rema-product-images.digital.rema1000.dk/43920/1-small-AKqeNkM9p1.webp", "medium": "https://rema-product-images.digital.rema1000.dk/43920/1-medium-AKqeNkM9p1.webp", "large": "https://rema-product-images.digital.rema1000.dk/43920/1-large-AKqeNkM9p1.webp"}], "prices": [{"price": 29.95, "price_over_max_quantity": null, "max_quantity": null, "is_advertised": false, "is_campaign": false, "starting_at": "2024-02-01T00:00:00+00:00", "ending_at": "2099-12-31T00:00:00+00:00", "deposit": null, "compare_unit": "kg", "compare_unit_price": 93.59, "consumption_unit": null, "consumption_quantity": null}], "temperature_zone": "frozen_18_degrees_celsius", "is_self_scale_item": false, "is_weight_item": false, "is_available_in_all_stores": true, "is_batch_item": false}
{"id": 43927, "name": "NUGGETS", "underline": "300 GR. / HÄLSANS KÖK, VEGANSK", "age_limit": null, "hazard_precaution_statements": [], "labels": [], "description": "Et højkvalitets vegansk sojaprodukt - som er velegnet til en kødfri dag !", "info": "", "images": [{"small": "https://rema-product-images.digital.rema1000.dk/43927/1-small-OW9OpA4PgE.webp", "medium": "https://rema-product-images.digital.rema1000.dk/43927/1-medium-OW9OpA4PgE.webp", "large": "https://rema-product-images.digital.rema1000.dk/43927/1-large-OW9OpA4PgE.webp"}], "prices": [{"price": 29.95, "price_over_max_quantity": null, "max_quantity": null, "is_advertised": false, "is_campaign": false, "starting_at": "2024-02-01T00:00:00+00:00", "ending_at": "2099-12-31T00:00:00+00:00", "deposit": null, "compare_unit": "kg", "compare_unit_price": 99.83, "consumption_unit": null, "consumption_quantity": null}], "temperature_zone": "frozen_18_degrees_celsius", "is_self_scale_item": false, "is_weight_item": false, "is_available_in_all_stores": true, "is_batch_item": false}
{"id": 43930, "name": "FALAFEL", "underline": "300 GR. / HÄLSANS KÖK, VEGANSK", "age_limit": null, "hazard_precaution_statements": [], "labels": [], "description": null, "info": "", "images": [{"small": "https://rema-product-images.digital.rema1000.dk/43930/1-small-869Dr8MoMa.webp", "medium": "https://rema-product-images.digital.rema1000.dk/43930/1-medium-869Dr8MoMa.webp", "large": "https://rema-product-images.digital.rema1000.dk/43930/1-large-869Dr8MoMa.webp"}], "prices": [{"price": 25, "price_over_max_quantity": null, "max_quantity": null, "is_advertised": false, "is_campaign": false, "starting_at": "2024-10-17T00:00:00+00:00", "ending_at": "2099-12-31T00:00:00+00:00", "deposit": null, "compare_unit": "kg", "compare_unit_price": 83.33, "consumption_unit": null, "consumption_quantity": null}], "temperature_zone": "frozen_18_degrees_celsius", "is_self_scale_item": false, "is_weight_item": false, "is_available_in_all_stores": true, "is_batch_item": false}
{"id": 43934, "name": "SCHNITZEL", "underline": "270 GR. / HÄLSANS KÖK, VEGETARISK", "age_limit": null, "hazard_precaution_statements": [], "labels": [], "description": null, "info": "", "images": [{"small": "https://rema-product-images.digital.rema1000.dk/43934/1-small-yLqGK7Kqd4.webp", "medium": "https://rema-product-images.digital.rema1000.dk/43934/1-medium-yLqGK7Kqd4.webp", "large": "https://rema-product-images.digital.rema1000.dk/43934/1-large-yLqGK7Kqd4.webp"}], "prices": [{"price": 29.95, "price_over_max_quantity": null, "max_quantity": null, "is_advertised": false, "is_campaign": false, "starting_at": "2024-02-01T00:00:00+00:00", "ending_at": "2099-12-31T00:00:00+00:00", "deposit": null, "compare_unit": "kg", "compare_unit_price": 110.93, "consumption_unit": null, "consumption_quantity": null}], "temperature_zone": "frozen_18_degrees_celsius", "is_self_scale_item": false, "is_weight_item": false, "is_available_in_all_stores": true, "is_batch_item": false}
{"id": 440047, "name": "LAKSEFILET", "underline": "400 GR. / REMA 1000", "age_limit": null, "hazard_precaution_statements": [], "labels": [{"id": 40, "name": "Nøglehul", "image": "https://static-assets.digital.rema1000.dk/product/labels/40-64.webp"}, {"id": 45, "name": "ASC", "image": "https://static-assets.digital.rema1000.dk/product/labels/45-64.webp"}], "description": null, "info": "Handelsbetegnelse: Laks (Salmo salar)\nProduktionsmetode: Opdræt\nFangstområde: Opdræt\nFiskeredskabskategori: Løftenet", "images": [{"small": "https://rema-product-images.digital.rema1000.dk/440047/1-small-3MoMgQwe95.webp", "medium": "https://rema-product-images.digital.rema1000.dk/440047/1-medium-3MoMgQwe95.webp", "large": "https://rema-product-images.digital.rema1000.dk/440047/1-large-3MoMgQwe95.webp"}], "prices": [{"price": 79.95, "price_over_max_quantity": null, "max_quantity": null, "is_advertised": false, "is_campaign": false, "starting_at": "2025-08-14T00:00:00+00:00", "ending_at": "2099-12-31T00:00:00+00:00", "deposit": null, "compare_unit": "kg", "compare_unit_price": 199.88, "consumption_unit": null, "consumption_quantity": null}], "temperature_zone": "refrigerated_2_degrees_celsius", "is_self_scale_item": false, "is_weight_item": false, "is_available_in_all_stores": false, "is_batch_item": false}
{"id": 440059, "name": "TORSKEFILETER", "underline": "225 GR. / REMA 1000, DANSK", "age_limit": null, "hazard_precaution_statements": [], "labels": [{"id": 40, "name": "Nøglehul", "image": "https://static-assets.digital.rema1000.dk/product/labels/40-64.webp"}], "description": null, "info": "Handelsbetegnelse: Torskefileter (Gadus morhua)\nProduktionsmetode: Fanget\nFangstområde: IIIA, IVB, IVA, IIIC, IIID\nFiskeredskabskategori: garn/trawl", "images": [{"small": "https://rema-product-images.digital.rema1000.dk/440059/1-small-KpqRv08NqL.webp", "medium": "https://rema-product-images.digital.rema1000.dk/440059/1-medium-KpqRv08NqL.webp", "large": "https://rema-product-images.digital.rema1000.dk/440059/1-large-KpqRv08NqL.webp"}], "prices": [{"price": 49.95, "price_over_max_quantity": null, "max_quantity": null, "is_advertised": false, "is_campaign": false, "starting_at": "2025-04-10T00:00:00+00:00", "ending_at": "2099-12-31T00:00:00+00:00", "deposit": null, "compare_unit": "kg", "compare_unit_price": 222, "consumption_unit": null, "consumption_quantity": null}], "temperature_zone": "refrigerated_2_degrees_celsius", "is_self_scale_item": false, "is_weight_item": false, "is_available_in_all_stores": true, "is_batch_item": false}
{"id": 440065, "name": "LAKSEFILETER", "underline": "225 GR. / REMA 1000", "age_limit": null, "hazard_precaution_statements": [], "labels": [{"id": 9001, "name": "Avisvare", "image": "https://static-assets.digital.rema1000.dk/product/labels/9001-64.webp"}, {"id": 40, "name": "Nøglehul", "image": "https://static-assets.digital.rema1000.dk/product/labels/40-64.webp"}, {"id": 45, "name": "ASC", "image": "https://static-assets.digital.rema1000.dk/product/labels/45-64.webp"}], "description": "Ferske norske laksefiletportioner uden ben - superior kvalitet.", "info": "Handelsbetegnelse: Laksefilet (Salmo salar)\nProduktionsmetode: Opdræt\nFangstområde: Norge\nFiskeredskabskategori: Løftenet", "images": [{"small": "https://rema-product-images.digital.rema1000.dk/440065/1-small-bJ9YpbXxqL.webp", "medium": "https://rema-product-images.digital.rema1000.dk/440065/1-medium-bJ9YpbXxqL.webp", "large": "https://rema-product-images.digital.rema1000.dk/440065/1-large-bJ9YpbXxqL.webp"}], "prices": [{"price": 39, "price_over_max_quantity": 49.95, "max_quantity": 6, "is_advertised": true, "is_campaign": true, "starting_at": "2025-08-17T00:00:00+00:00", "ending_at": "2025-08-23T00:00:00+00:00", "deposit": null, "compare_unit": "kg", "compare_unit_price": 173.33, "consumption_unit": null, "consumption_quantity": null}, {"price": 49.95, "price_over_max_quantity": null, "max_quantity": null, "is_advertised": false, "is_campaign": false, "starting_at": "2025-08-24T00:00:00+00:00", "ending_at": "2025-09-06T00:00:00+00:00", "deposit": null, "compare_unit": "kg", "compare_unit_price": 222, "consumption_unit": null, "consumption_quantity": null}], "temperature_zone": "refrigerated_2_degrees_celsius", "is_self_scale_item": false, "is_weight_item": false, "is_available_in_all_stores": true, "is_batch_item": false}
{"id": 440066, "name": "DANSKE RØDSPÆTTEFILETER", "underline": "225 GR. / REMA 1000, 3-6 STK.", "age_limit": null, "hazard_precaution_statements": [], "labels": [{"id": 9001, "name": "Avisvare", "image": "https://static-assets.digital.rema1000.dk/product/labels/9001-64.webp"}, {"id": 9, "name": "MSC", "image": "https://static-assets.digital.rema1000.dk/product/labels/9-64.webp"}, {"id": 40, "name": "Nøglehul", "image": "https://static-assets.digital.rema1000.dk/product/labels/40-64.webp"}, {"id": 70, "name": "Dansk", "image": "https://static-assets.digital.rema1000.dk/product/labels/70-64.webp"}], "description": "Ferske danske rødspættefileter - bæredygtigt fanget og MSC certificeret.", "info": "Handelsbetegnelse: Rødspættefileter (Pleuronectes platessa)\nProduktionsmetode: Fanget\nFangstområde: Nordsøen, Skagerak Kattegat,Bælthavet\nFiskeredskabskategori: Garn/trawl", "images": [{"small": "https://rema-product-images.digital.rema1000.dk/440066/1-small-pyozJ8GAoX.webp", "medium": "https://rema-product-images.digital.rema1000.dk/440066/1-medium-pyozJ8GAoX.webp", "large": "https://rema-product-images.digital.rema1000.dk/440066/1-large-pyozJ8GAoX.webp"}], "prices": [{"price": 39, "price_over_max_quantity": 49.95, "max_quantity": 6, "is_advertised": true, "is_campaign": true, "starting_at": "2025-08-17T00:00:00+00:00", "ending_at": "2025-08-23T00:00:00+00:00", "deposit": null, "compare_unit": "kg", "compare_unit_price": 173.33, "consumption_unit": null, "consumption_quantity": null}, {"price": 49.95, "price_over_max_quantity": null, "max_quantity": null, "is_advertised": false, "is_campaign": false, "starting_at": "2025-08-24T00:00:00+00:00", "ending_at": "2025-09-06T00:00:00+00:00", "deposit": null, "compare_unit": "kg", "compare_unit_price": 222, "consumption_unit": null, "consumption_quantity": null}], "temperature_zone": "refrigerated_2_degrees_celsius", "is_self_scale_item": false, "is_weight_item": false, "is_available_in_all_stores": true, "is_batch_item": false}
{"id": 440068, "name": "FINTHAKKET FISKEFARS", "underline": "400 GR. / REMA 1000", "age_limit": null, "hazard_precaution_statements": [], "labels": [{"id": 9, "name": "MSC", "image": "https://static-assets.digital.rema1000.dk/product/labels/9-64.webp"}, {"id": 40, "name": "Nøglehul", "image": "https://static-assets.digital.rema1000.dk/product/labels/40-64.webp"}], "description": "Finthakket fiskefars med en god smag og konsistens - nem at arbejde med i køkkenet. Bæredygtig MSC certificeret - og med 64% torsk.", "info": "Handelsbetegnelse: Torsk (Gadus Morhua)\nProduktionsmetode: Fanget\nFangstområde: Nordsøen, Skagerak Kattegat, Bælthavet\nFiskeredskabskategori: Trawl/garn", "images": [{"small": "https://rema-product-images.digital.rema1000.dk/440068/1-small-vXod350BP3.webp", "medium": "https://rema-product-images.digital.rema1000.dk/440068/1-medium-vXod350BP3.webp", "large": "https://rema-product-images.digital.rema1000.dk/440068/1-large-vXod350BP3.webp"}], "prices": [{"price": 34.95, "price_over_max_quantity": null, "max_quantity": null, "is_advertised": false, "is_campaign": false, "starting_at": "2025-04-10T00:00:00+00:00", "ending_at": "2025-08-30T00:00:00+00:00", "deposit": null, "compare_unit": "kg", "compare_unit_price": 87.38, "consumption_unit": null, "consumption_quantity": null}], "temperature_zone": "refrigerated_2_degrees_celsius", "is_self_scale_item": false, "is_weight_item": false, "is_available_in_all_stores": true, "is_batch_item": false}
{"id": 440069, "name": "LAKSE- & TORSKEFARS", "underline": "400 GR. / REMA 1000", "age_limit": null, "hazard_precaution_statements": [], "labels": [{"id": 9, "name": "MSC", "image": "https://static-assets.digital.rema1000.dk/product/labels/9-64.webp"}, {"id": 40, "name": "Nøglehul", "image": "https://static-assets.digital.rema1000.dk/product/labels/40-64.webp"}, {"id": 45, "name": "ASC", "image": "https://static-assets.digital.rema1000.dk/product/labels/45-64.webp"}], "description": "Lækker laksefars med en god smag og konsistens - nem at arbejde med i køkkenet. Indeholder 39% norsk laks, og 21% torsk.", "info": "Handelsbetegnelse:  laks/torsk (Salmo salar/Gadus morhua)\nProduktionsmetode: Fanget\nFangstområde: Norge,Nordsøen\nFiskeredskabskategori: Løftenet/trawl", "images": [{"small": "https://rema-product-images.digital.rema1000.dk/440069/1-small-Ea915dVY9z.webp", "medium": "https://rema-product-images.digital.rema1000.dk/440069/1-medium-Ea915dVY9z.webp", "large": "https://rema-product-images.digital.rema1000.dk/440069/1-large-Ea915dVY9z.webp"}], "prices": [{"price": 34.95, "price_over_max_quantity": null, "max_quantity": null, "is_advertised": false, "is_campaign": false, "starting_at": "2023-01-05T00:00:00+00:00", "ending_at": "2025-08-30T00:00:00+00:00", "deposit": null, "compare_unit": "kg", "compare_unit_price": 87.38, "consumption_unit": null, "consumption_quantity": null}], "temperature_zone": "refrigerated_2_degrees_celsius", "is_self_scale_item": false, "is_weight_item": false, "is_available_in_all_stores": true, "is_batch_item": false}
{"id": 440075, "name": "HELE RØDSPÆTTER", "underline": "475 GR. / REMA 1000", "age_limit": null, "hazard_precaution_statements": [], "labels": [{"id": 9001, "name": "Avisvare", "image": "https://static-assets.digital.rema1000.dk/product/labels/9001-64.webp"}, {"id": 9, "name": "MSC", "image": "https://static-assets.digital.rema1000.dk/product/labels/9-64.webp"}, {"id": 40, "name": "Nøglehul", "image": "https://static-assets.digital.rema1000.dk/product/labels/40-64.webp"}, {"id": 70, "name": "Dansk", "image": "https://static-assets.digital.rema1000.dk/product/labels/70-64.webp"}], "description": "Ferske danske flåede hele rødspætter - bæredygtigt fanget og MSC certificeret", "info": "Handelsbetegnelse: Rødspætte (Pleuronectes platessa)\nProduktionsmetode: Marine fiskeri (Maritim fiskeri)\nFangstområde: Skagerrak og Kattegat\nFiskeredskabskategori: Trawl/garn", "images": [{"small": "https://rema-product-images.digital.rema1000.dk/440075/1-small-01q27bXZ97.webp", "medium": "https://rema-product-images.digital.rema1000.dk/440075/1-medium-01q27bXZ97.webp", "large": "https://rema-product-images.digital.rema1000.dk/440075/1-large-01q27bXZ97.webp"}], "prices": [{"price": 39, "price_over_max_quantity": 49.95, "max_quantity": 6, "is_advertised": true, "is_campaign": true, "starting_at": "2025-08-17T00:00:00+00:00", "ending_at": "2025-08-23T00:00:00+00:00", "deposit": null, "compare_unit": "kg", "compare_unit_price": 82.11, "consumption_unit": null, "consumption_quantity": null}, {"price": 59, "price_over_max_quantity": null, "max_quantity": null, "is_advertised": false, "is_campaign": false, "starting_at": "2025-08-24T00:00:00+00:00", "ending_at": "2025-09-06T00:00:00+00:00", "deposit": null, "compare_unit": "kg", "compare_unit_price": 124.21, "consumption_unit": null, "consumption_quantity": null}], "temperature_zone": "refrigerated_2_degrees_celsius", "is_self_scale_item": false, "is_weight_item": false, "is_available_in_all_stores": true, "is_batch_item": false}
{"id": 440095, "name": "HEL LAKSEFILET", "underline": "600 GR. / REMA 1000", "age_limit": null, "hazard_precaution_statements": [], "labels": [{"id": 9001, "name": "Avisvare", "image": "https://static-assets.digital.rema1000.dk/product/labels/9001-64.webp"}, {"id": 40, "name": "Nøglehul", "image": "https://static-assets.digital.rema1000.dk/product/labels/40-64.webp"}, {"id": 45, "name": "ASC", "image": "https://static-assets.digital.rema1000.dk/product/labels/45-64.webp"}], "description": null, "info": "Handelsbetegnelse: Laksefilet  (Salmo salar)\nProduktionsmetode: Akvakultur\nFangstområde: Norge\nFiskeredskabskategori: Løftenet", "images": [{"small": "https://rema-product-images.digital.rema1000.dk/440095/1-small-v09g3zdz9A.webp", "medium": "https://rema-product-images.digital.rema1000.dk/440095/1-medium-v09g3zdz9A.webp", "large": "https://rema-product-images.digital.rema1000.dk/440095/1-large-v09g3zdz9A.webp"}], "prices": [{"price": 89, "price_over_max_quantity": null, "max_quantity": null, "is_advertised": true, "is_campaign": false, "starting_at": "2025-08-17T00:00:00+00:00", "ending_at": "2099-12-31T00:00:00+00:00", "deposit": null, "compare_unit": "kg", "compare_unit_price": 148.33, "consumption_unit": null, "consumption_quantity": null}], "temperature_zone": "refrigerated_2_degrees_celsius", "is_self_scale_item": false, "is_weight_item": false, "is_available_in_all_stores": false, "is_batch_item": false}
{"id": 440098, "name": "MØRKSEJ LOINS", "underline": "400 GR. / REMA 1000", "age_limit": null, "hazard_precaution_statements": [], "labels": [{"id": 40, "name": "Nøglehul", "image": "https://static-assets.digital.rema1000.dk/product/labels/40-64.webp"}], "description": null, "info": "Handelsbetegnelse: Mørksej (Pollacius Virens )\nProduktionsmetode: Marine fiskeri\nFangstområde: Nordlige Nordsøen/Norskehavet\nFiskeredskabskategori: Trawl/garn", "images": [{"small": "https://rema-product-images.digital.rema1000.dk/440098/1-small-Al90MKyEP8.webp", "medium": "https://rema-product-images.digital.rema1000.dk/440098/1-medium-Al90MKyEP8.webp", "large": "https://rema-product-images.digital.rema1000.dk/440098/1-large-Al90MKyEP8.webp"}], "prices": [{"price": 59, "price_over_max_quantity": null, "max_quantity": null, "is_advertised": false, "is_campaign": false, "starting_at": "2025-06-16T00:00:00+00:00", "ending_at": "2025-09-06T00:00:00+00:00", "deposit": null, "compare_unit": "kg", "compare_unit_price": 147.5, "consumption_unit": null, "consumption_quantity": null}], "temperature_zone": "refrigerated_2_degrees_celsius", "is_self_scale_item": false, "is_weight_item": false, "is_available_in_all_stores": false, "is_batch_item": false}
{"id": 440117, "name": "KULLERFILET", "underline": "400 GR. / SÆSONFISK", "age_limit": null, "hazard_precaution_statements": [], "labels": [{"id": 9, "name": "MSC", "image": "https://static-assets.digital.rema1000.dk/product/labels/9-64.webp"}, {"id": 40, "name": "Nøglehul", "image": "https://static-assets.digital.rema1000.dk/product/labels/40-64.webp"}], "description": null, "info": "Handelsbetegnelse: Kuller (Melanogrammus aeglefinus)\nProduktionsmetode: Fanget\nFangstområde: Norge, nordlige Nordsø\nFiskeredskabskategori: Trawl", "images": [{"small": "https://rema-product-images.digital.rema1000.dk/440117/1-small-Z8qpANd093.webp", "medium": "https://rema-product-images.digital.rema1000.dk/440117/1-medium-Z8qpANd093.webp", "large": "https://rema-product-images.digital.rema1000.dk/440117/1-large-Z8qpANd093.webp"}], "prices": [{"price": 45, "price_over_max_quantity": null, "max_quantity": null, "is_advertised": false, "is_campaign": false, "starting_at": "2025-08-14T00:00:00+00:00", "ending_at": "2025-09-06T00:00:00+00:00", "deposit": null, "compare_unit": "kg", "compare_unit_price": 112.5, "consumption_unit": null, "consumption_quantity": null}], "temperature_zone": "refrigerated_2_degrees_celsius", "is_self_scale_item": false, "is_weight_item": false, "is_available_in_all_stores": true, "is_batch_item": false}
{"id": 440121, "name": "FERSK MØRKSEJFILET", "underline": "250 GR. / SÆSONFISK, DANSK", "age_limit": null, "hazard_precaution_statements": [], "labels": [{"id": 40, "name": "Nøglehul", "image": "https://static-assets.digital.rema1000.dk/product/labels/40-64.webp"}], "description": null, "info": "Handelsbetegnelse: Mørksej  (Pollachius virens )\nProduktionsmetode: Marine fiskeri\nFangstområde: Nordlige Nordsø/Norskehavet\nFiskeredskabskategori: Trawl/garn", "images": [{"small": "https://rema-product-images.digital.rema1000.dk/440121/1-small-bJ9Ypb5nqL.webp", "medium": "https://rema-product-images.digital.rema1000.dk/440121/1-medium-bJ9Ypb5nqL.webp", "large": "https://rema-product-images.digital.rema1000.dk/440121/1-large-bJ9Ypb5nqL.webp"}], "prices": [{"price": 30, "price_over_max_quantity": null, "max_quantity": null, "is_advertised": false, "is_campaign": false, "starting_at": "2025-06-16T00:00:00+00:00", "ending_at": "2025-08-30T00:00:00+00:00", "deposit": null, "compare_unit": "kg", "compare_unit_price": 120, "consumption_unit": null, "consumption_quantity": null}], "temperature_zone": "refrigerated_2_degrees_celsius", "is_self_scale_item": false, "is_weight_item": false, "is_available_in_all_stores": true, "is_batch_item": false}
{"id": 440272, "name": "SUSHI 9 STK BOX", "underline": "200 GR. / TASTEFUL", "age_limit": null, "hazard_precaution_statements": [], "labels": [{"id": 45, "name": "ASC", "image": "https://static-assets.digital.rema1000.dk/product/labels/45-64.webp"}], "description": null, "info": "", "images": [{"small": "https://rema-product-images.digital.rema1000.dk/440272/1-small-xyqaGBexPD.webp", "medium": "https://rema-product-images.digital.rema1000.dk/440272/1-medium-xyqaGBexPD.webp", "large": "https://rema-product-images.digital.rema1000.dk/440272/1-large-xyqaGBexPD.webp"}], "prices": [{"price": 32.95, "price_over_max_quantity": null, "max_quantity": null, "is_advertised": false, "is_campaign": false, "starting_at": "2025-07-31T00:00:00+00:00", "ending_at": "2099-12-31T00:00:00+00:00", "deposit": null, "compare_unit": "kg", "compare_unit_price": 164.75, "consumption_unit": null, "consumption_quantity": null}], "temperature_zone": "refrigerated_2_degrees_celsius", "is_self_scale_item": false, "is_weight_item": false, "is_available_in_all_stores": true, "is_batch_item": false}
{"id": 44199, "name": "CHILI CHEESE TOPS", "underline": "250 GR. /", "age_limit": null, "hazard_precaution_statements": [], "labels": [], "description": null, "info": "", "images": [{"small": "https://rema-product-images.digital.rema1000.dk/44199/1-small-A5qVNr1qaQ.webp", "medium": "https://rema-product-images.digital.rema1000.dk/44199/1-medium-A5qVNr1qaQ.webp", "large": "https://rema-product-images.digital.rema1000.dk/44199/1-large-A5qVNr1qaQ.webp"}], "prices": [{"price": 21.95, "price_over_max_quantity": null, "max_quantity": null, "is_advertised": false, "is_campaign": false, "starting_at": "2024-02-15T00:00:00+00:00", "ending_at": "2099-12-31T00:00:00+00:00", "deposit": null, "compare_unit": "kg", "compare_unit_price": 87.8, "consumption_unit": null, "consumption_quantity": null}], "temperature_zone": "frozen_18_degrees_celsius", "is_self_scale_item": false, "is_weight_item": false, "is_available_in_all_stores": true, "is_batch_item": false}
{"id": 44206, "name": "FORÅRSRULLER", "underline": "800 GR. / DALOON, TIL PANDE", "age_limit": null, "hazard_precaution_statements": [], "labels": [], "description": null, "info": "", "images": [{"small": "https://rema-product-images.digital.rema1000.dk/44206/1-small-vVor7Gkq3z.webp", "medium": "https://rema-product-images.digital.rema1000.dk/44206/1-medium-vVor7Gkq3z.webp", "large": "https://rema-product-images.digital.rema1000.dk/44206/1-large-vVor7Gkq3z.webp"}], "prices": [{"price": 34.95, "price_over_max_quantity": null, "max_quantity": null, "is_advertised": false, "is_campaign": false, "starting_at": "2025-02-20T00:00:00+00:00", "ending_at": "2099-12-31T00:00:00+00:00", "deposit": null, "compare_unit": "kg", "compare_unit_price": 43.69, "consumption_unit": null, "consumption_quantity": null}], "temperature_zone": "frozen_18_degrees_celsius", "is_self_scale_item": false, "is_weight_item": false, "is_available_in_all_stores": true, "is_batch_item": false}
{"id": 44207, "name": "CLASSIC FORÅRSULLE", "underline": "600 GR. / DALOON, TIL OVN", "age_limit": null, "hazard_precaution_statements": [], "labels": [], "description": null, "info": "", "images": [{"small": "https://rema-product-images.digital.rema1000.dk/44207/1-small-v09gNZvqAW.webp", "medium": "https://rema-product-images.digital.rema1000.dk/44207/1-medium-v09gNZvqAW.webp", "large": "https://rema-product-images.digital.rema1000.dk/44207/1-large-v09gNZvqAW.webp"}], "prices": [{"price": 37.95, "price_over_max_quantity": null, "max_quantity": null, "is_advertised": false, "is_campaign": false, "starting_at": "2025-02-20T00:00:00+00:00", "ending_at": "2099-12-31T00:00:00+00:00", "deposit": null, "compare_unit": "kg", "compare_unit_price": 63.25, "consumption_unit": null, "consumption_quantity": null}], "temperature_zone": "frozen_18_degrees_celsius", "is_self_scale_item": false, "is_weight_item": false, "is_available_in_all_stores": true, "is_batch_item": false}
{"id": 44511, "name": "SPRINGROLLS M. KYLLING", "underline": "600 GR. / DALOON", "age_limit": null, "hazard_precaution_statements": [], "labels": [], "description": "forårsruller springrolls", "info": "", "images": [{"small": "https://rema-product-images.digital.rema1000.dk/44511/1-small-A5qVNwMqaQ.webp", "medium": "https://rema-product-images.digital.rema1000.dk/44511/1-medium-A5qVNwMqaQ.webp", "large": "https://rema-product-images.digital.rema1000.dk/44511/1-large-A5qVNwMqaQ.webp"}], "prices": [{"price": 29.95, "price_over_max_quantity": null, "max_quantity": null, "is_advertised": false, "is_campaign": false, "starting_at": "2025-02-20T00:00:00+00:00", "ending_at": "2099-12-31T00:00:00+00:00", "deposit": null, "compare_unit": "kg", "compare_unit_price": 49.92, "consumption_unit": null, "consumption_quantity": null}], "temperature_zone": "frozen_18_degrees_celsius", "is_self_scale_item": false, "is_weight_item": false, "is_available_in_all_stores": false, "is_batch_item": false}
{"id": 44800, "name": "GYOZA GRØNTSAGER", "underline": "235 GR. / INPIRING FOOD", "age_limit": null, "hazard_precaution_statements": [], "labels": [], "description": null, "info": "", "images": [{"small": "https://rema-product-images.digital.rema1000.dk/44800/1-small-xePw4YJow8.webp", "medium": "https://rema-product-images.digital.rema1000.dk/44800/1-medium-xePw4YJow8.webp", "large": "https://rema-product-images.digital.rema1000.dk/44800/1-large-xePw4YJow8.webp"}], "prices": [{"price": 24.95, "price_over_max_quantity": null, "max_quantity": null, "is_advertised": false, "is_campaign": false, "starting_at": "2025-04-02T00:00:00+00:00", "ending_at": "2025-08-23T00:00:00+00:00", "deposit": null, "compare_unit": "kg", "compare_unit_price": 106.17, "consumption_unit": null, "consumption_quantity": null}], "temperature_zone": "frozen_18_degrees_celsius", "is_self_scale_item": false, "is_weight_item": false, "is_available_in_all_stores": true, "is_batch_item": false}
{"id": 44801, "name": "GYOZA M. KYLLING", "underline": "191 GR. / INPIRING FOOD", "age_limit": null, "hazard_precaution_statements": [], "labels": [], "description": null, "info": "", "images": [{"small": "https://rema-product-images.digital.rema1000.dk/44801/1-small-ElPBygj9kG.webp", "medium": "https://rema-product-images.digital.rema1000.dk/44801/1-medium-ElPBygj9kG.webp", "large": "https://rema-product-images.digital.rema1000.dk/44801/1-large-ElPBygj9kG.webp"}], "prices": [{"price": 24.95, "price_over_max_quantity": null, "max_quantity": null, "is_advertised": false, "is_campaign": false, "starting_at": "2025-04-02T00:00:00+00:00", "ending_at": "2025-08-23T00:00:00+00:00", "deposit": null, "compare_unit": "kg", "compare_unit_price": 130.63, "consumption_unit": null, "consumption_quantity": null}], "temperature_zone": "frozen_18_degrees_celsius", "is_self_scale_item": false, "is_weight_item": false, "is_available_in_all_stores": true, "is_batch_item": false}
{"id": 44850, "name": "THAIBOX PANANG", "underline": "350 GR. / REMA 1000 INSPIRING FOOD", "age_limit": null, "hazard_precaution_statements": [], "labels": [{"id": 2, "name": "REMA1000", "image": "https://static-assets.digital.rema1000.dk/product/labels/2-64.webp"}], "description": null, "info": "", "images": [{"small": "https://rema-product-images.digital.rema1000.dk/44850/1-small-vVormABP3z.webp", "medium": "https://rema-product-images.digital.rema1000.dk/44850/1-medium-vVormABP3z.webp", "large": "https://rema-product-images.digital.rema1000.dk/44850/1-large-vVormABP3z.webp"}], "prices": [{"price": 27.95, "price_over_max_quantity": null, "max_quantity": null, "is_advertised": false, "is_campaign": false, "starting_at": "2024-08-15T00:00:00+00:00", "ending_at": "2025-08-23T00:00:00+00:00", "deposit": null, "compare_unit": "kg", "compare_unit_price": 79.86, "consumption_unit": null, "consumption_quantity": null}], "temperature_zone": "frozen_18_degrees_celsius", "is_self_scale_item": false, "is_weight_item": false, "is_available_in_all_stores": true, "is_batch_item": false}
{"id": 44851, "name": "THAIBOX RED CURRY", "underline": "350 GR. / REMA 1000 INSPIRING FOOD", "age_limit": null, "hazard_precaution_statements": [], "labels": [{"id": 2, "name": "REMA1000", "image": "https://static-assets.digital.rema1000.dk/product/labels/2-64.webp"}], "description": null, "info": "", "images": [{"small": "https://rema-product-images.digital.rema1000.dk/44851/1-small-v09gnzEqAW.webp", "medium": "https://rema-product-images.digital.rema1000.dk/44851/1-medium-v09gnzEqAW.webp", "large": "https://rema-product-images.digital.rema1000.dk/44851/1-large-v09gnzEqAW.webp"}], "prices": [{"price": 27.95, "price_over_max_quantity": null, "max_quantity": null, "is_advertised": false, "is_campaign": false, "starting_at": "2024-08-15T00:00:00+00:00", "ending_at": "2025-08-23T00:00:00+00:00", "deposit": null, "compare_unit": "kg", "compare_unit_price": 79.86, "consumption_unit": null, "consumption_quantity": null}], "temperature_zone": "frozen_18_degrees_celsius", "is_self_scale_item": false, "is_weight_item": false, "is_available_in_all_stores": true, "is_batch_item": false}
{"id": 44852, "name": "THAIBOX TOM YUM", "underline": "320 GR. / REMA 1000 INPIRING FOOD", "age_limit": null, "hazard_precaution_statements": [], "labels": [{"id": 2, "name": "REMA1000", "image": "https://static-assets.digital.rema1000.dk/product/labels/2-64.webp"}], "description": null, "info": "", "images": [{"small": "https://rema-product-images.digital.rema1000.dk/44852/1-small-NpP7yjvqOl.webp", "medium": "https://rema-product-images.digital.rema1000.dk/44852/1-medium-NpP7yjvqOl.webp", "large": "https://rema-product-images.digital.rema1000.dk/44852/1-large-NpP7yjvqOl.webp"}], "prices": [{"price": 27.95, "price_over_max_quantity": null, "max_quantity": null, "is_advertised": false, "is_campaign": false, "starting_at": "2024-08-15T00:00:00+00:00", "ending_at": "2025-08-23T00:00:00+00:00", "deposit": null, "compare_unit": "kg", "compare_unit_price": 87.34, "consumption_unit": null, "consumption_quantity": null}], "temperature_zone": "frozen_18_degrees_celsius", "is_self_scale_item": false, "is_weight_item": false, "is_available_in_all_stores": true, "is_batch_item": false}
{"id": 44853, "name": "THAIBOX SWEET CHILI TERIYAKI", "underline": "320 GR. / REMA 1000 INPIRING FOOD", "age_limit": null, "hazard_precaution_statements": [], "labels": [{"id": 2, "name": "REMA1000", "image": "https://static-assets.digital.rema1000.dk/product/labels/2-64.webp"}], "description": null, "info": "", "images": [{"small": "https://rema-product-images.digital.rema1000.dk/44853/1-small-aboKydv9pM.webp", "medium": "https://rema-product-images.digital.rema1000.dk/44853/1-medium-aboKydv9pM.webp", "large": "https://rema-product-images.digital.rema1000.dk/44853/1-large-aboKydv9pM.webp"}], "prices": [{"price": 27.95, "price_over_max_quantity": null, "max_quantity": null, "is_advertised": false, "is_campaign": false, "starting_at": "2024-08-15T00:00:00+00:00", "ending_at": "2025-08-23T00:00:00+00:00", "deposit": null, "compare_unit": "kg", "compare_unit_price": 87.34, "consumption_unit": null, "consumption_quantity": null}], "temperature_zone": "frozen_18_degrees_celsius", "is_self_scale_item": false, "is_weight_item": false, "is_available_in_all_stores": true, "is_batch_item": false}
{"id": 450013, "name": "GRÆSK FETAOST", "underline": "200 GR. / THESSALIA", "age_limit": null, "hazard_precaution_statements": [], "labels": [], "description": null, "info": "", "images": [{"small": "https://rema-product-images.digital.rema1000.dk/450013/1-small-wyPbLGDWqE.webp", "medium": "https://rema-product-images.digital.rema1000.dk/450013/1-medium-wyPbLGDWqE.webp", "large": "https://rema-product-images.digital.rema1000.dk/450013/1-large-wyPbLGDWqE.webp"}], "prices": [{"price": 21.95, "price_over_max_quantity": null, "max_quantity": null, "is_advertised": false, "is_campaign": false, "starting_at": "2022-08-11T00:00:00+00:00", "ending_at": "2099-12-31T00:00:00+00:00", "deposit": null, "compare_unit": "kg", "compare_unit_price": 109.75, "consumption_unit": null, "consumption_quantity": null}], "temperature_zone": "refrigerated_5_degrees_celsius", "is_self_scale_item": false, "is_weight_item": false, "is_available_in_all_stores": false, "is_batch_item": false}
{"id": 45002, "name": "DÖNER KEBAB", "underline": "400 GR.", "age_limit": null, "hazard_precaution_statements": [], "labels": [{"id": 40, "name": "Nøglehul", "image": "https://static-assets.digital.rema1000.dk/product/labels/40-64.webp"}], "description": null, "info": "", "images": [{"small": "https://rema-product-images.digital.rema1000.dk/45002/1-small-kAonKyaqx8.webp", "medium": "https://rema-product-images.digital.rema1000.dk/45002/1-medium-kAonKyaqx8.webp", "large": "https://rema-product-images.digital.rema1000.dk/45002/1-large-kAonKyaqx8.webp"}], "prices": [{"price": 42.95, "price_over_max_quantity": null, "max_quantity": null, "is_advertised": false, "is_campaign": false, "starting_at": "2025-06-26T00:00:00+00:00", "ending_at": "2025-09-24T00:00:00+00:00", "deposit": null, "compare_unit": "kg", "compare_unit_price": 107.38, "consumption_unit": null, "consumption_quantity": null}], "temperature_zone": "frozen_18_degrees_celsius", "is_self_scale_item": false, "is_weight_item": false, "is_available_in_all_stores": true, "is_batch_item": false}
{"id": 450072, "name": "SKIVEOST 45+", "underline": "240 GR. / RIBERHUS, MELLEMLAGRET", "age_limit": null, "hazard_precaution_statements": [], "labels": [{"id": 70, "name": "Dansk", "image": "https://static-assets.digital.rema1000.dk/product/labels/70-64.webp"}], "description": null, "info": "", "images": [{"small": "https://rema-product-images.digital.rema1000.dk/450072/1-small-xyqaGAO8PD.webp", "medium": "https://rema-product-images.digital.rema1000.dk/450072/1-medium-xyqaGAO8PD.webp", "large": "https://rema-product-images.digital.rema1000.dk/450072/1-large-xyqaGAO8PD.webp"}], "prices": [{"price": 38.95, "price_over_max_quantity": null, "max_quantity": null, "is_advertised": false, "is_campaign": false, "starting_at": "2025-01-30T00:00:00+00:00", "ending_at": "2025-08-30T00:00:00+00:00", "deposit": null, "compare_unit": "kg", "compare_unit_price": 162.29, "consumption_unit": null, "consumption_quantity": null}], "temperature_zone": "refrigerated_5_degrees_celsius", "is_self_scale_item": false, "is_weight_item": false, "is_available_in_all_stores": true, "is_batch_item": false}
{"id": 450095, "name": "BUKO NATUREL", "underline": "150 GR. / ØKOLOGISK", "age_limit": null, "hazard_precaution_statements": [], "labels": [{"id": 6, "name": "Økologi", "image": "https://static-assets.digital.rema1000.dk/product/labels/6-64.webp"}], "description": null, "info": "", "images": [{"small": "https://rema-product-images.digital.rema1000.dk/450095/1-small-v09g34KD9A.webp", "medium": "https://rema-product-images.digital.rema1000.dk/450095/1-medium-v09g34KD9A.webp", "large": "https://rema-product-images.digital.rema1000.dk/450095/1-large-v09g34KD9A.webp"}], "prices": [{"price": 22.95, "price_over_max_quantity": null, "max_quantity": null, "is_advertised": false, "is_campaign": false, "starting_at": "2025-01-30T00:00:00+00:00", "ending_at": "2099-12-31T00:00:00+00:00", "deposit": null, "compare_unit": "kg", "compare_unit_price": 153, "consumption_unit": null, "consumption_quantity": null}], "temperature_zone": "refrigerated_5_degrees_celsius", "is_self_scale_item": false, "is_weight_item": false, "is_available_in_all_stores": true, "is_batch_item": false}
{"id": 450113, "name": "SAMSØ OST 45+", "underline": "425 GR. / REMA 1000, ØKOLOGISK", "age_limit": null, "hazard_precaution_statements": [], "labels": [{"id": 2, "name": "REMA1000", "image": "https://static-assets.digital.rema1000.dk/product/labels/2-64.webp"}, {"id": 5, "name": "Økologi", "image": "https://static-assets.digital.rema1000.dk/product/labels/5-64.webp"}, {"id": 6, "name": "Økologi", "image": "https://static-assets.digital.rema1000.dk/product/labels/6-64.webp"}, {"id": 70, "name": "Dansk", "image": "https://static-assets.digital.rema1000.dk/product/labels/70-64.webp"}, {"id": 203, "name": "Bedre dyrevelfærd 3", "image": "https://static-assets.digital.rema1000.dk/product/labels/203-64.webp"}], "description": null, "info": "", "images": [{"small": "https://rema-product-images.digital.rema1000.dk/450113/1-small-wyPbLG5gqE.webp", "medium": "https://rema-product-images.digital.rema1000.dk/450113/1-medium-wyPbLG5gqE.webp", "large": "https://rema-product-images.digital.rema1000.dk/450113/1-large-wyPbLG5gqE.webp"}], "prices": [{"price": 58.95, "price_over_max_quantity": null, "max_quantity": null, "is_advertised": false, "is_campaign": false, "starting_at": "2025-06-12T00:00:00+00:00", "ending_at": "2099-12-31T00:00:00+00:00", "deposit": null, "compare_unit": "kg", "compare_unit_price": 138.71, "consumption_unit": null, "consumption_quantity": null}], "temperature_zone": "refrigerated_5_degrees_celsius", "is_self_scale_item": false, "is_weight_item": false, "is_available_in_all_stores": true, "is_batch_item": false}
{"id": 450115, "name": "SAMSØ MILD 30+", "underline": "585 GR. / REMA 1000", "age_limit": null, "hazard_precaution_statements": [], "labels": [{"id": 2, "name": "REMA1000", "image": "https://static-assets.digital.rema1000.dk/product/labels/2-64.webp"}, {"id": 40, "name": "Nøglehul", "image": "https://static-assets.digital.rema1000.dk/product/labels/40-64.webp"}, {"id": 70, "name": "Dansk", "image": "https://static-assets.digital.rema1000.dk/product/labels/70-64.webp"}], "description": null, "info": "", "images": [{"small": "https://rema-product-images.digital.rema1000.dk/450115/1-small-KpqRvlxbqL.webp", "medium": "https://rema-product-images.digital.rema1000.dk/450115/1-medium-KpqRvlxbqL.webp", "large": "https://rema-product-images.digital.rema1000.dk/450115/1-large-KpqRvlxbqL.webp"}], "prices": [{"price": 64.95, "price_over_max_quantity": null, "max_quantity": null, "is_advertised": false, "is_campaign": false, "starting_at": "2025-06-12T00:00:00+00:00", "ending_at": "2099-12-31T00:00:00+00:00", "deposit": null, "compare_unit": "kg", "compare_unit_price": 111.03, "consumption_unit": null, "consumption_quantity": null}], "temperature_zone": "refrigerated_5_degrees_celsius", "is_self_scale_item": false, "is_weight_item": false, "is_available_in_all_stores": true, "is_batch_item": false}
{"id": 450118, "name": "MILD OST 13%", "underline": "467 GR. / CHEASY", "age_limit": null, "hazard_precaution_statements": [], "labels": [{"id": 40, "name": "Nøglehul", "image": "https://static-assets.digital.rema1000.dk/product/labels/40-64.webp"}], "description": null, "info": "", "images": [{"small": "https://rema-product-images.digital.rema1000.dk/450118/1-small-2B94pDQl9k.webp", "medium": "https://rema-product-images.digital.rema1000.dk/450118/1-medium-2B94pDQl9k.webp", "large": "https://rema-product-images.digital.rema1000.dk/450118/1-large-2B94pDQl9k.webp"}], "prices": [{"price": 66.95, "price_over_max_quantity": null, "max_quantity": null, "is_advertised": false, "is_campaign": false, "starting_at": "2025-01-30T00:00:00+00:00", "ending_at": "2025-08-23T00:00:00+00:00", "deposit": null, "compare_unit": "kg", "compare_unit_price": 143.36, "consumption_unit": null, "consumption_quantity": null}], "temperature_zone": "refrigerated_5_degrees_celsius", "is_self_scale_item": false, "is_weight_item": false, "is_available_in_all_stores": true, "is_batch_item": false}
{"id": 450124, "name": "CHILI", "underline": "150 GR. / CASTELLO", "age_limit": null, "hazard_precaution_statements": [], "labels": [], "description": "Castello White med rød chili passer perfekt med sødere hvidvine serveret med blommer, figner, aprikoser, ristede nødder eller pinjekerner. Den er også god på ristet brioche serveret med en kop varm kakao på ristet brioche - er du til en mere krydret udgave er en spicy tomatjuice et godt valg - servér evt. med ristede peberfrugter.", "info": "", "images": [{"small": "https://rema-product-images.digital.rema1000.dk/450124/1-small-vXod3ZNYP3.webp", "medium": "https://rema-product-images.digital.rema1000.dk/450124/1-medium-vXod3ZNYP3.webp", "large": "https://rema-product-images.digital.rema1000.dk/450124/1-large-vXod3ZNYP3.webp"}], "prices": [{"price": 28.95, "price_over_max_quantity": null, "max_quantity": null, "is_advertised": false, "is_campaign": false, "starting_at": "2025-01-30T00:00:00+00:00", "ending_at": "2025-08-30T00:00:00+00:00", "deposit": null, "compare_unit": "kg", "compare_unit_price": 193, "consumption_unit": null, "consumption_quantity": null}], "temperature_zone": "refrigerated_5_degrees_celsius", "is_self_scale_item": false, "is_weight_item": false, "is_available_in_all_stores": false, "is_batch_item": false}
{"id": 450137, "name": "MINI MOZZARELLA", "underline": "150 GR. / GALBANI", "age_limit": null, "hazard_precaution_statements": [], "labels": [], "description": null, "info": "", "images": [{"small": "https://rema-product-images.digital.rema1000.dk/450137/1-small-JzPJ5RXb9k.webp", "medium": "https://rema-product-images.digital.rema1000.dk/450137/1-medium-JzPJ5RXb9k.webp", "large": "https://rema-product-images.digital.rema1000.dk/450137/1-large-JzPJ5RXb9k.webp"}], "prices": [{"price": 19.95, "price_over_max_quantity": null, "max_quantity": null, "is_advertised": false, "is_campaign": false, "starting_at": "2025-01-09T00:00:00+00:00", "ending_at": "2025-08-23T00:00:00+00:00", "deposit": null, "compare_unit": "kg", "compare_unit_price": 133, "consumption_unit": null, "consumption_quantity": null}], "temperature_zone": "refrigerated_5_degrees_celsius", "is_self_scale_item": false, "is_weight_item": false, "is_available_in_all_stores": false, "is_batch_item": false}
{"id": 450182, "name": "PRIMA DONNA", "underline": "220 GR. / RØD, LAGRET", "age_limit": null, "hazard_precaution_statements": [], "labels": [], "description": null, "info": "", "images": [{"small": "https://rema-product-images.digital.rema1000.dk/450182/1-small-MBoNva1bov.webp", "medium": "https://rema-product-images.digital.rema1000.dk/450182/1-medium-MBoNva1bov.webp", "large": "https://rema-product-images.digital.rema1000.dk/450182/1-large-MBoNva1bov.webp"}], "prices": [{"price": 49.95, "price_over_max_quantity": null, "max_quantity": null, "is_advertised": false, "is_campaign": false, "starting_at": "2024-11-21T00:00:00+00:00", "ending_at": "2099-12-31T00:00:00+00:00", "deposit": null, "compare_unit": "kg", "compare_unit_price": 227.05, "consumption_unit": null, "consumption_quantity": null}], "temperature_zone": "refrigerated_5_degrees_celsius", "is_self_scale_item": false, "is_weight_item": false, "is_available_in_all_stores": false, "is_batch_item": false}
{"id": 450197, "name": "CHILI GOUDA", "underline": "200 GR. / LANDANA", "age_limit": null, "hazard_precaution_statements": [], "labels": [], "description": null, "info": "", "images": [{"small": "https://rema-product-images.digital.rema1000.dk/450197/1-small-aboKgRyJop.webp", "medium": "https://rema-product-images.digital.rema1000.dk/450197/1-medium-aboKgRyJop.webp", "large": "https://rema-product-images.digital.rema1000.dk/450197/1-large-aboKgRyJop.webp"}], "prices": [{"price": 24.95, "price_over_max_quantity": null, "max_quantity": null, "is_advertised": false, "is_campaign": false, "starting_at": "2025-05-01T00:00:00+00:00", "ending_at": "2099-12-31T00:00:00+00:00", "deposit": null, "compare_unit": "kg", "compare_unit_price": 124.75, "consumption_unit": null, "consumption_quantity": null}], "temperature_zone": "refrigerated_5_degrees_celsius", "is_self_scale_item": false, "is_weight_item": false, "is_available_in_all_stores": true, "is_batch_item": false}
{"id": 450216, "name": "SORT INGSTRUP 45+", "underline": "440 GR. / LAGRET", "age_limit": null, "hazard_precaution_statements": [], "labels": [], "description": null, "info": "", "images": [{"small": "https://rema-product-images.digital.rema1000.dk/450216/1-small-6xqAORvjPD.webp", "medium": "https://rema-product-images.digital.rema1000.dk/450216/1-medium-6xqAORvjPD.webp", "large": "https://rema-product-images.digital.rema1000.dk/450216/1-large-6xqAORvjPD.webp"}], "prices": [{"price": 64.95, "price_over_max_quantity": null, "max_quantity": null, "is_advertised": false, "is_campaign": false, "starting_at": "2025-01-09T00:00:00+00:00", "ending_at": "2099-12-31T00:00:00+00:00", "deposit": null, "compare_unit": "kg", "compare_unit_price": 147.61, "consumption_unit": null, "consumption_quantity": null}], "temperature_zone": "refrigerated_5_degrees_celsius", "is_self_scale_item": false, "is_weight_item": false, "is_available_in_all_stores": true, "is_batch_item": false}
{"id": 450219, "name": "GAMMEL INGSTRUP 45+", "underline": "0.65 KG. / EKSTRA LAGRET", "age_limit": null, "hazard_precaution_statements": [], "labels": [], "description": null, "info": "", "images": [{"small": "https://rema-product-images.digital.rema1000.dk/450219/1-small-rDq6WkM69b.webp", "medium": "https://rema-product-images.digital.rema1000.dk/450219/1-medium-rDq6WkM69b.webp", "large": "https://rema-product-images.digital.rema1000.dk/450219/1-large-rDq6WkM69b.webp"}], "prices": [{"price": 88.34, "price_over_max_quantity": null, "max_quantity": null, "is_advertised": false, "is_campaign": false, "starting_at": "2025-01-09T00:00:00+00:00", "ending_at": "2099-12-31T00:00:00+00:00", "deposit": null, "compare_unit": "kg", "compare_unit_price": 135.9, "consumption_unit": null, "consumption_quantity": null}], "temperature_zone": "refrigerated_5_degrees_celsius", "is_self_scale_item": false, "is_weight_item": true, "is_available_in_all_stores": false, "is_batch_item": false}
{"id": 450249, "name": "KRONEKILDE 45+ LAGRET", "underline": "725 GR. / REMA 1000", "age_limit": null, "hazard_precaution_statements": [], "labels": [{"id": 2, "name": "REMA1000", "image": "https://static-assets.digital.rema1000.dk/product/labels/2-64.webp"}, {"id": 70, "name": "Dansk", "image": "https://static-assets.digital.rema1000.dk/product/labels/70-64.webp"}], "description": null, "info": "", "images": [{"small": "https://rema-product-images.digital.rema1000.dk/450249/1-small-xQq8a18z9Z.webp", "medium": "https://rema-product-images.digital.rema1000.dk/450249/1-medium-xQq8a18z9Z.webp", "large": "https://rema-product-images.digital.rema1000.dk/450249/1-large-xQq8a18z9Z.webp"}], "prices": [{"price": 79.95, "price_over_max_quantity": null, "max_quantity": null, "is_advertised": false, "is_campaign": false, "starting_at": "2025-01-30T00:00:00+00:00", "ending_at": "2099-12-31T00:00:00+00:00", "deposit": null, "compare_unit": "kg", "compare_unit_price": 110.28, "consumption_unit": null, "consumption_quantity": null}], "temperature_zone": "refrigerated_5_degrees_celsius", "is_self_scale_item": false, "is_weight_item": false, "is_available_in_all_stores": true, "is_batch_item": false}
{"id": 450251, "name": "KRONEKILDE 30+ ML", "underline": "837 GR. / REMA 1000", "age_limit": null, "hazard_precaution_statements": [], "labels": [{"id": 2, "name": "REMA1000", "image": "https://static-assets.digital.rema1000.dk/product/labels/2-64.webp"}, {"id": 70, "name": "Dansk", "image": "https://static-assets.digital.rema1000.dk/product/labels/70-64.webp"}], "description": null, "info": "", "images": [{"small": "https://rema-product-images.digital.rema1000.dk/450251/1-small-v09g345G9A.webp", "medium": "https://rema-product-images.digital.rema1000.dk/450251/1-medium-v09g345G9A.webp", "large": "https://rema-product-images.digital.rema1000.dk/450251/1-large-v09g345G9A.webp"}], "prices": [{"price": 76.95, "price_over_max_quantity": null, "max_quantity": null, "is_advertised": false, "is_campaign": false, "starting_at": "2025-01-30T00:00:00+00:00", "ending_at": "2099-12-31T00:00:00+00:00", "deposit": null, "compare_unit": "kg", "compare_unit_price": 91.94, "consumption_unit": null, "consumption_quantity": null}], "temperature_zone": "refrigerated_5_degrees_celsius", "is_self_scale_item": false, "is_weight_item": false, "is_available_in_all_stores": true, "is_batch_item": false}
{"id": 450252, "name": "KRONEKILDE 45+ ML", "underline": "837 GR. / REMA 1000", "age_limit": null, "hazard_precaution_statements": [], "labels": [{"id": 2, "name": "REMA1000", "image": "https://static-assets.digital.rema1000.dk/product/labels/2-64.webp"}, {"id": 70, "name": "Dansk", "image": "https://static-assets.digital.rema1000.dk/product/labels/70-64.webp"}], "description": "98 % pasteuriseret MÆLK, salt, mælkesyrekultur (indeholder MÆLK), osteløbe (mikrobiel).", "info": "", "images": [{"small": "https://rema-product-images.digital.rema1000.dk/450252/1-small-NpP7r2nE9O.webp", "medium": "https://rema-product-images.digital.rema1000.dk/450252/1-medium-NpP7r2nE9O.webp", "large": "https://rema-product-images.digital.rema1000.dk/450252/1-large-NpP7r2nE9O.webp"}], "prices": [{"price": 76.95, "price_over_max_quantity": null, "max_quantity": null, "is_advertised": false, "is_campaign": false, "starting_at": "2025-01-30T00:00:00+00:00", "ending_at": "2099-12-31T00:00:00+00:00", "deposit": null, "compare_unit": "kg", "compare_unit_price": 91.94, "consumption_unit": null, "consumption_quantity": null}], "temperature_zone": "refrigerated_5_degrees_celsius", "is_self_scale_item": false, "is_weight_item": false, "is_available_in_all_stores": true, "is_batch_item": false}
{"id": 450253, "name": "KRONEKILDE 30+ MILD", "underline": "837 GR. / REMA 1000, MED KOMMEN", "age_limit": null, "hazard_precaution_statements": [], "labels": [{"id": 2, "name": "REMA1000", "image": "https://static-assets.digital.rema1000.dk/product/labels/2-64.webp"}, {"id": 70, "name": "Dansk", "image": "https://static-assets.digital.rema1000.dk/product/labels/70-64.webp"}], "description": null, "info": "", "images": [{"small": "https://rema-product-images.digital.rema1000.dk/450253/1-small-aboKgRz8op.webp", "medium": "https://rema-product-images.digital.rema1000.dk/450253/1-medium-aboKgRz8op.webp", "large": "https://rema-product-images.digital.rema1000.dk/450253/1-large-aboKgRz8op.webp"}], "prices": [{"price": 76.95, "price_over_max_quantity": null, "max_quantity": null, "is_advertised": false, "is_campaign": false, "starting_at": "2025-01-30T00:00:00+00:00", "ending_at": "2099-12-31T00:00:00+00:00", "deposit": null, "compare_unit": "kg", "compare_unit_price": 91.94, "consumption_unit": null, "consumption_quantity": null}], "temperature_zone": "refrigerated_5_degrees_celsius", "is_self_scale_item": false, "is_weight_item": false, "is_available_in_all_stores": true, "is_batch_item": false}
{"id": 450312, "name": "MOZZARELLA", "underline": "140 GR. / AUDU, & PLANTEINGREDIENSER", "age_limit": null, "hazard_precaution_statements": [], "labels": [], "description": null, "info": "", "images": [{"small": "https://rema-product-images.digital.rema1000.dk/450312/1-small-18oXgdvYPk.webp", "medium": "https://rema-product-images.digital.rema1000.dk/450312/1-medium-18oXgdvYPk.webp", "large": "https://rema-product-images.digital.rema1000.dk/450312/1-large-18oXgdvYPk.webp"}], "prices": [{"price": 14.95, "price_over_max_quantity": null, "max_quantity": null, "is_advertised": false, "is_campaign": false, "starting_at": "2024-10-31T00:00:00+00:00", "ending_at": "2099-12-31T00:00:00+00:00", "deposit": null, "compare_unit": "kg", "compare_unit_price": 106.79, "consumption_unit": null, "consumption_quantity": null}], "temperature_zone": "refrigerated_5_degrees_celsius", "is_self_scale_item": false, "is_weight_item": false, "is_available_in_all_stores": false, "is_batch_item": false}
{"id": 45032, "name": "BIKSEMAD", "underline": "500 GR. / STEFF HOULBERG", "age_limit": null, "hazard_precaution_statements": [], "labels": [], "description": null, "info": "", "images": [{"small": "https://rema-product-images.digital.rema1000.dk/45032/1-small-nDPW1ROqWa.webp", "medium": "https://rema-product-images.digital.rema1000.dk/45032/1-medium-nDPW1ROqWa.webp", "large": "https://rema-product-images.digital.rema1000.dk/45032/1-large-nDPW1ROqWa.webp"}], "prices": [{"price": 34.95, "price_over_max_quantity": null, "max_quantity": null, "is_advertised": false, "is_campaign": false, "starting_at": "2025-06-26T00:00:00+00:00", "ending_at": "2025-09-13T00:00:00+00:00", "deposit": null, "compare_unit": "kg", "compare_unit_price": 69.9, "consumption_unit": null, "consumption_quantity": null}], "temperature_zone": "frozen_18_degrees_celsius", "is_self_scale_item": false, "is_weight_item": false, "is_available_in_all_stores": true, "is_batch_item": false}
{"id": 45036, "name": "PØLSEMIX", "underline": "500 GR. / STEFF HOULBERG", "age_limit": null, "hazard_precaution_statements": [], "labels": [], "description": null, "info": "", "images": [{"small": "https://rema-product-images.digital.rema1000.dk/45036/1-small-7doLylEq6r.webp", "medium": "https://rema-product-images.digital.rema1000.dk/45036/1-medium-7doLylEq6r.webp", "large": "https://rema-product-images.digital.rema1000.dk/45036/1-large-7doLylEq6r.webp"}], "prices": [{"price": 32.95, "price_over_max_quantity": null, "max_quantity": null, "is_advertised": false, "is_campaign": false, "starting_at": "2025-06-26T00:00:00+00:00", "ending_at": "2025-09-13T00:00:00+00:00", "deposit": null, "compare_unit": "kg", "compare_unit_price": 65.9, "consumption_unit": null, "consumption_quantity": null}], "temperature_zone": "frozen_18_degrees_celsius", "is_self_scale_item": false, "is_weight_item": false, "is_available_in_all_stores": true, "is_batch_item": false}
{"id": 45037, "name": "MIDDAGSFRIKADELLER", "underline": "480 GR. / REMA 1000", "age_limit": null, "hazard_precaution_statements": [], "labels": [{"id": 2, "name": "REMA1000", "image": "https://static-assets.digital.rema1000.dk/product/labels/2-64.webp"}], "description": null, "info": "", "images": [{"small": "https://rema-product-images.digital.rema1000.dk/45037/1-small-JzPJylY9kb.webp", "medium": "https://rema-product-images.digital.rema1000.dk/45037/1-medium-JzPJylY9kb.webp", "large": "https://rema-product-images.digital.rema1000.dk/45037/1-large-JzPJylY9kb.webp"}], "prices": [{"price": 31.95, "price_over_max_quantity": null, "max_quantity": null, "is_advertised": false, "is_campaign": false, "starting_at": "2024-06-06T00:00:00+00:00", "ending_at": "2025-09-13T00:00:00+00:00", "deposit": null, "compare_unit": "kg", "compare_unit_price": 66.56, "consumption_unit": null, "consumption_quantity": null}], "temperature_zone": "frozen_18_degrees_celsius", "is_self_scale_item": false, "is_weight_item": false, "is_available_in_all_stores": true, "is_batch_item": false}
{"id": 45039, "name": "MIDDAGSKØDBOLLER", "underline": "500 GR. / REMA 1000", "age_limit": null, "hazard_precaution_statements": [], "labels": [{"id": 2, "name": "REMA1000", "image": "https://static-assets.digital.rema1000.dk/product/labels/2-64.webp"}, {"id": 40, "name": "Nøglehul", "image": "https://static-assets.digital.rema1000.dk/product/labels/40-64.webp"}], "description": null, "info": "", "images": [{"small": "https://rema-product-images.digital.rema1000.dk/45039/1-small-zOPlgx19RW.webp", "medium": "https://rema-product-images.digital.rema1000.dk/45039/1-medium-zOPlgx19RW.webp", "large": "https://rema-product-images.digital.rema1000.dk/45039/1-large-zOPlgx19RW.webp"}], "prices": [{"price": 31.95, "price_over_max_quantity": null, "max_quantity": null, "is_advertised": false, "is_campaign": false, "starting_at": "2024-06-06T00:00:00+00:00", "ending_at": "2025-09-13T00:00:00+00:00", "deposit": null, "compare_unit": "kg", "compare_unit_price": 63.9, "consumption_unit": null, "consumption_quantity": null}], "temperature_zone": "frozen_18_degrees_celsius", "is_self_scale_item": false, "is_weight_item": false, "is_available_in_all_stores": true, "is_batch_item": false}
{"id": 45046, "name": "MINI FRIKADELLER", "underline": "400 GR. / MED KYLLING, REMA 1000", "age_limit": null, "hazard_precaution_statements": [], "labels": [{"id": 2, "name": "REMA1000", "image": "https://static-assets.digital.rema1000.dk/product/labels/2-64.webp"}, {"id": 40, "name": "Nøglehul", "image": "https://static-assets.digital.rema1000.dk/product/labels/40-64.webp"}, {"id": 201, "name": "Bedre dyrevelfærd 1", "image": "https://static-assets.digital.rema1000.dk/product/labels/201-64.webp"}], "description": null, "info": "", "images": [{"small": "https://rema-product-images.digital.rema1000.dk/45046/1-small-kAonKxaqx8.webp", "medium": "https://rema-product-images.digital.rema1000.dk/45046/1-medium-kAonKxaqx8.webp", "large": "https://rema-product-images.digital.rema1000.dk/45046/1-large-kAonKxaqx8.webp"}], "prices": [{"price": 32.95, "price_over_max_quantity": null, "max_quantity": null, "is_advertised": false, "is_campaign": false, "starting_at": "2023-06-26T00:00:00+00:00", "ending_at": "2025-09-13T00:00:00+00:00", "deposit": null, "compare_unit": "kg", "compare_unit_price": 82.38, "consumption_unit": null, "consumption_quantity": null}], "temperature_zone": "frozen_18_degrees_celsius", "is_self_scale_item": false, "is_weight_item": false, "is_available_in_all_stores": true, "is_batch_item": false}
{"id": 45047, "name": "KARBONADER", "underline": "440 GR. / REMA 1000", "age_limit": null, "hazard_precaution_statements": [], "labels": [{"id": 2, "name": "REMA1000", "image": "https://static-assets.digital.rema1000.dk/product/labels/2-64.webp"}], "description": null, "info": "", "images": [{"small": "https://rema-product-images.digital.rema1000.dk/45047/1-small-3MoMyl6o5E.webp", "medium": "https://rema-product-images.digital.rema1000.dk/45047/1-medium-3MoMyl6o5E.webp", "large": "https://rema-product-images.digital.rema1000.dk/45047/1-large-3MoMyl6o5E.webp"}], "prices": [{"price": 34.95, "price_over_max_quantity": null, "max_quantity": null, "is_advertised": false, "is_campaign": false, "starting_at": "2023-05-11T00:00:00+00:00", "ending_at": "2025-09-13T00:00:00+00:00", "deposit": null, "compare_unit": "kg", "compare_unit_price": 79.43, "consumption_unit": null, "consumption_quantity": null}], "temperature_zone": "frozen_18_degrees_celsius", "is_self_scale_item": false, "is_weight_item": false, "is_available_in_all_stores": true, "is_batch_item": false}
{"id": 45052, "name": "GYROS KEBAB", "underline": "300 GR. / FRILANDSGRIS", "age_limit": null, "hazard_precaution_statements": [], "labels": [{"id": 9001, "name": "Avisvare", "image": "https://static-assets.digital.rema1000.dk/product/labels/9001-64.webp"}, {"id": 2, "name": "REMA1000", "image": "https://static-assets.digital.rema1000.dk/product/labels/2-64.webp"}, {"id": 190, "name": "Anbefalet af Dyrenes Beskyttelse", "image": "https://static-assets.digital.rema1000.dk/product/labels/190-64.webp"}, {"id": 203, "name": "Bedre dyrevelfærd 3", "image": "https://static-assets.digital.rema1000.dk/product/labels/203-64.webp"}], "description": null, "info": "", "images": [{"small": "https://rema-product-images.digital.rema1000.dk/45052/1-small-NpP7y4MqOl.webp", "medium": "https://rema-product-images.digital.rema1000.dk/45052/1-medium-NpP7y4MqOl.webp", "large": "https://rema-product-images.digital.rema1000.dk/45052/1-large-NpP7y4MqOl.webp"}], "prices": [{"price": 25, "price_over_max_quantity": null, "max_quantity": null, "is_advertised": true, "is_campaign": true, "starting_at": "2025-08-17T00:00:00+00:00", "ending_at": "2025-08-23T00:00:00+00:00", "deposit": null, "compare_unit": "kg", "compare_unit_price": 83.33, "consumption_unit": null, "consumption_quantity": null}, {"price": 32.95, "price_over_max_quantity": null, "max_quantity": null, "is_advertised": false, "is_campaign": false, "starting_at": "2025-08-24T00:00:00+00:00", "ending_at": "2025-08-30T00:00:00+00:00", "deposit": null, "compare_unit": "kg", "compare_unit_price": 109.83, "consumption_unit": null, "consumption_quantity": null}], "temperature_zone": "frozen_18_degrees_celsius", "is_self_scale_item": false, "is_weight_item": false, "is_available_in_all_stores": true, "is_batch_item": false}
{"id": 450575, "name": "SMØRE'ÅST", "underline": "150 GR. / NATURLI HVIDLØG & PURLØG", "age_limit": null, "hazard_precaution_statements": [], "labels": [{"id": 6, "name": "Økologi", "image": "https://static-assets.digital.rema1000.dk/product/labels/6-64.webp"}], "description": null, "info": "", "images": [{"small": "https://rema-product-images.digital.rema1000.dk/450575/1-small-01q27EQw97.webp", "medium": "https://rema-product-images.digital.rema1000.dk/450575/1-medium-01q27EQw97.webp", "large": "https://rema-product-images.digital.rema1000.dk/450575/1-large-01q27EQw97.webp"}], "prices": [{"price": 17.95, "price_over_max_quantity": null, "max_quantity": null, "is_advertised": false, "is_campaign": false, "starting_at": "2025-02-26T00:00:00+00:00", "ending_at": "2099-12-31T00:00:00+00:00", "deposit": null, "compare_unit": "kg", "compare_unit_price": 119.67, "consumption_unit": null, "consumption_quantity": null}], "temperature_zone": "refrigerated_5_degrees_celsius", "is_self_scale_item": false, "is_weight_item": false, "is_available_in_all_stores": false, "is_batch_item": false}
{"id": 450581, "name": "REVET VEGAN TOPPING", "underline": "150 GR. / HERBIVORA", "age_limit": null, "hazard_precaution_statements": [], "labels": [], "description": null, "info": "", "images": [{"small": "https://rema-product-images.digital.rema1000.dk/450581/1-small-JzPJ5RNx9k.webp", "medium": "https://rema-product-images.digital.rema1000.dk/450581/1-medium-JzPJ5RNx9k.webp", "large": "https://rema-product-images.digital.rema1000.dk/450581/1-large-JzPJ5RNx9k.webp"}], "prices": [{"price": 14.95, "price_over_max_quantity": null, "max_quantity": null, "is_advertised": false, "is_campaign": false, "starting_at": "2020-03-19T00:00:00+00:00", "ending_at": "2099-12-31T00:00:00+00:00", "deposit": null, "compare_unit": "kg", "compare_unit_price": 99.67, "consumption_unit": null, "consumption_quantity": null}], "temperature_zone": "refrigerated_5_degrees_celsius", "is_self_scale_item": false, "is_weight_item": false, "is_available_in_all_stores": true, "is_batch_item": false}
{"id": 450583, "name": "VEGAN SKIVER", "underline": "150 GR. / HERBIVORA, GOUDA SMAG", "age_limit": null, "hazard_precaution_statements": [], "labels": [], "description": null, "info": "", "images": [{"small": "https://rema-product-images.digital.rema1000.dk/450583/1-small-zOPlQ4DgoR.webp", "medium": "https://rema-product-images.digital.rema1000.dk/450583/1-medium-zOPlQ4DgoR.webp", "large": "https://rema-product-images.digital.rema1000.dk/450583/1-large-zOPlQ4DgoR.webp"}], "prices": [{"price": 13.95, "price_over_max_quantity": null, "max_quantity": null, "is_advertised": false, "is_campaign": false, "starting_at": "2024-04-23T00:00:00+00:00", "ending_at": "2099-12-31T00:00:00+00:00", "deposit": null, "compare_unit": "kg", "compare_unit_price": 93, "consumption_unit": null, "consumption_quantity": null}], "temperature_zone": "refrigerated_5_degrees_celsius", "is_self_scale_item": false, "is_weight_item": false, "is_available_in_all_stores": false, "is_batch_item": false}
{"id": 450591, "name": "KLOVBORG 45+", "underline": "552 GR. / MELLEMLAGRET", "age_limit": null, "hazard_precaution_statements": [], "labels": [{"id": 70, "name": "Dansk", "image": "https://static-assets.digital.rema1000.dk/product/labels/70-64.webp"}], "description": null, "info": "", "images": [{"small": "https://rema-product-images.digital.rema1000.dk/450591/1-small-3MoMgbNk95.webp", "medium": "https://rema-product-images.digital.rema1000.dk/450591/1-medium-3MoMgbNk95.webp", "large": "https://rema-product-images.digital.rema1000.dk/450591/1-large-3MoMgbNk95.webp"}], "prices": [{"price": 77.95, "price_over_max_quantity": null, "max_quantity": null, "is_advertised": false, "is_campaign": false, "starting_at": "2025-01-30T00:00:00+00:00", "ending_at": "2025-08-23T00:00:00+00:00", "deposit": null, "compare_unit": "kg", "compare_unit_price": 141.21, "consumption_unit": null, "consumption_quantity": null}], "temperature_zone": "refrigerated_5_degrees_celsius", "is_self_scale_item": false, "is_weight_item": false, "is_available_in_all_stores": true, "is_batch_item": false}
{"id": 450643, "name": "PORT GUDHJEM", "underline": "100 GR. / BORNHOLMSK TAPAS OST", "age_limit": null, "hazard_precaution_statements": [], "labels": [], "description": null, "info": "", "images": [{"small": "https://rema-product-images.digital.rema1000.dk/450643/1-small-dyom6JzBqV.webp", "medium": "https://rema-product-images.digital.rema1000.dk/450643/1-medium-dyom6JzBqV.webp", "large": "https://rema-product-images.digital.rema1000.dk/450643/1-large-dyom6JzBqV.webp"}], "prices": [{"price": 15.95, "price_over_max_quantity": null, "max_quantity": null, "is_advertised": false, "is_campaign": false, "starting_at": "2025-01-09T00:00:00+00:00", "ending_at": "2099-12-31T00:00:00+00:00", "deposit": null, "compare_unit": "kg", "compare_unit_price": 159.5, "consumption_unit": null, "consumption_quantity": null}], "temperature_zone": "refrigerated_5_degrees_celsius", "is_self_scale_item": false, "is_weight_item": false, "is_available_in_all_stores": false, "is_batch_item": false}
{"id": 450645, "name": "GRAVIERA", "underline": "100 GR. / BORNHOLMSK TAPAS OST", "age_limit": null, "hazard_precaution_statements": [], "labels": [], "description": null, "info": "", "images": [{"small": "https://rema-product-images.digital.rema1000.dk/450645/1-small-ElPBYdJW9k.webp", "medium": "https://rema-product-images.digital.rema1000.dk/450645/1-medium-ElPBYdJW9k.webp", "large": "https://rema-product-images.digital.rema1000.dk/450645/1-large-ElPBYdJW9k.webp"}], "prices": [{"price": 15.95, "price_over_max_quantity": null, "max_quantity": null, "is_advertised": false, "is_campaign": false, "starting_at": "2025-01-09T00:00:00+00:00", "ending_at": "2099-12-31T00:00:00+00:00", "deposit": null, "compare_unit": "kg", "compare_unit_price": 159.5, "consumption_unit": null, "consumption_quantity": null}], "temperature_zone": "refrigerated_5_degrees_celsius", "is_self_scale_item": false, "is_weight_item": false, "is_available_in_all_stores": false, "is_batch_item": false}
{"id": 450662, "name": "GOUDA OST", "underline": "450 GR. / HOLLANDSK", "age_limit": null, "hazard_precaution_statements": [], "labels": [], "description": null, "info": "", "images": [{"small": "https://rema-product-images.digital.rema1000.dk/450662/1-small-2B94pD5O9k.webp", "medium": "https://rema-product-images.digital.rema1000.dk/450662/1-medium-2B94pD5O9k.webp", "large": "https://rema-product-images.digital.rema1000.dk/450662/1-large-2B94pD5O9k.webp"}], "prices": [{"price": 43.95, "price_over_max_quantity": null, "max_quantity": null, "is_advertised": false, "is_campaign": false, "starting_at": "2025-04-24T00:00:00+00:00", "ending_at": "2099-12-31T00:00:00+00:00", "deposit": null, "compare_unit": "kg", "compare_unit_price": 97.67, "consumption_unit": null, "consumption_quantity": null}], "temperature_zone": "refrigerated_5_degrees_celsius", "is_self_scale_item": false, "is_weight_item": false, "is_available_in_all_stores": true, "is_batch_item": false}
{"id": 450722, "name": "RIBERHUS ML 45+", "underline": "468 GR. / MED KOMMEN", "age_limit": null, "hazard_precaution_statements": [], "labels": [{"id": 70, "name": "Dansk", "image": "https://static-assets.digital.rema1000.dk/product/labels/70-64.webp"}], "description": null, "info": "", "images": [{"small": "https://rema-product-images.digital.rema1000.dk/450722/1-small-pyozJlmkoX.webp", "medium": "https://rema-product-images.digital.rema1000.dk/450722/1-medium-pyozJlmkoX.webp", "large": "https://rema-product-images.digital.rema1000.dk/450722/1-large-pyozJlmkoX.webp"}], "prices": [{"price": 71.95, "price_over_max_quantity": null, "max_quantity": null, "is_advertised": false, "is_campaign": false, "starting_at": "2025-01-30T00:00:00+00:00", "ending_at": "2025-09-13T00:00:00+00:00", "deposit": null, "compare_unit": "kg", "compare_unit_price": 153.74, "consumption_unit": null, "consumption_quantity": null}], "temperature_zone": "refrigerated_5_degrees_celsius", "is_self_scale_item": false, "is_weight_item": false, "is_available_in_all_stores": false, "is_batch_item": false}
{"id": 450755, "name": "CHRISTIANSHEDE ML 45+", "underline": "400 GR. / THEM, ØKOLOGISK", "age_limit": null, "hazard_precaution_statements": [], "labels": [{"id": 5, "name": "Økologi", "image": "https://static-assets.digital.rema1000.dk/product/labels/5-64.webp"}, {"id": 6, "name": "Økologi", "image": "https://static-assets.digital.rema1000.dk/product/labels/6-64.webp"}, {"id": 190, "name": "Anbefalet af Dyrenes Beskyttelse", "image": "https://static-assets.digital.rema1000.dk/product/labels/190-64.webp"}, {"id": 203, "name": "Bedre dyrevelfærd 3", "image": "https://static-assets.digital.rema1000.dk/product/labels/203-64.webp"}], "description": null, "info": "", "images": [{"small": "https://rema-product-images.digital.rema1000.dk/450755/1-small-A5qVdAr3Pa.webp", "medium": "https://rema-product-images.digital.rema1000.dk/450755/1-medium-A5qVdAr3Pa.webp", "large": "https://rema-product-images.digital.rema1000.dk/450755/1-large-A5qVdAr3Pa.webp"}], "prices": [{"price": 54.95, "price_over_max_quantity": null, "max_quantity": null, "is_advertised": false, "is_campaign": false, "starting_at": "2025-06-19T00:00:00+00:00", "ending_at": "2099-12-31T00:00:00+00:00", "deposit": null, "compare_unit": "kg", "compare_unit_price": 137.38, "consumption_unit": null, "consumption_quantity": null}], "temperature_zone": "refrigerated_5_degrees_celsius", "is_self_scale_item": false, "is_weight_item": false, "is_available_in_all_stores": true, "is_batch_item": false}
{"id": 450756, "name": "MINI OST ML 20+", "underline": "380 GR. / ØKOLOGISK", "age_limit": null, "hazard_precaution_statements": [], "labels": [{"id": 5, "name": "Økologi", "image": "https://static-assets.digital.rema1000.dk/product/labels/5-64.webp"}, {"id": 190, "name": "Anbefalet af Dyrenes Beskyttelse", "image": "https://static-assets.digital.rema1000.dk/product/labels/190-64.webp"}, {"id": 203, "name": "Bedre dyrevelfærd 3", "image": "https://static-assets.digital.rema1000.dk/product/labels/203-64.webp"}], "description": null, "info": "", "images": [{"small": "https://rema-product-images.digital.rema1000.dk/450756/1-small-18oXgd7OPk.webp", "medium": "https://rema-product-images.digital.rema1000.dk/450756/1-medium-18oXgd7OPk.webp", "large": "https://rema-product-images.digital.rema1000.dk/450756/1-large-18oXgd7OPk.webp"}], "prices": [{"price": 54.95, "price_over_max_quantity": null, "max_quantity": null, "is_advertised": false, "is_campaign": false, "starting_at": "2025-06-19T00:00:00+00:00", "ending_at": "2099-12-31T00:00:00+00:00", "deposit": null, "compare_unit": "kg", "compare_unit_price": 144.61, "consumption_unit": null, "consumption_quantity": null}], "temperature_zone": "refrigerated_5_degrees_celsius", "is_self_scale_item": false, "is_weight_item": false, "is_available_in_all_stores": false, "is_batch_item": false}
{"id": 450760, "name": "THOR OST 45+", "underline": "455 GR. / ASGAARD", "age_limit": null, "hazard_precaution_statements": [], "labels": [], "description": null, "info": "", "images": [{"small": "https://rema-product-images.digital.rema1000.dk/450760/1-small-6xqAORYvPD.webp", "medium": "https://rema-product-images.digital.rema1000.dk/450760/1-medium-6xqAORYvPD.webp", "large": "https://rema-product-images.digital.rema1000.dk/450760/1-large-6xqAORYvPD.webp"}], "prices": [{"price": 57.95, "price_over_max_quantity": null, "max_quantity": null, "is_advertised": false, "is_campaign": false, "starting_at": "2025-01-23T00:00:00+00:00", "ending_at": "2025-09-13T00:00:00+00:00", "deposit": null, "compare_unit": "kg", "compare_unit_price": 127.36, "consumption_unit": null, "consumption_quantity": null}], "temperature_zone": "refrigerated_5_degrees_celsius", "is_self_scale_item": false, "is_weight_item": false, "is_available_in_all_stores": false, "is_batch_item": false}
{"id": 450761, "name": "ODIN OST XL 45+", "underline": "445 GR. / ASGAARD", "age_limit": null, "hazard_precaution_statements": [], "labels": [], "description": null, "info": "", "images": [{"small": "https://rema-product-images.digital.rema1000.dk/450761/1-small-Z8qpAEWm93.webp", "medium": "https://rema-product-images.digital.rema1000.dk/450761/1-medium-Z8qpAEWm93.webp", "large": "https://rema-product-images.digital.rema1000.dk/450761/1-large-Z8qpAEWm93.webp"}], "prices": [{"price": 59.95, "price_over_max_quantity": null, "max_quantity": null, "is_advertised": false, "is_campaign": false, "starting_at": "2025-01-23T00:00:00+00:00", "ending_at": "2025-09-13T00:00:00+00:00", "deposit": null, "compare_unit": "kg", "compare_unit_price": 134.72, "consumption_unit": null, "consumption_quantity": null}], "temperature_zone": "refrigerated_5_degrees_celsius", "is_self_scale_item": false, "is_weight_item": false, "is_available_in_all_stores": false, "is_batch_item": false}
{"id": 450801, "name": "1911 MAMMEN OST 45+", "underline": "450 GR. / EKSTRA LAGRET", "age_limit": null, "hazard_precaution_statements": [], "labels": [{"id": 9001, "name": "Avisvare", "image": "https://static-assets.digital.rema1000.dk/product/labels/9001-64.webp"}], "description": null, "info": "", "images": [{"small": "https://rema-product-images.digital.rema1000.dk/450801/1-small-ElPBYdXQ9k.webp", "medium": "https://rema-product-images.digital.rema1000.dk/450801/1-medium-ElPBYdXQ9k.webp", "large": "https://rema-product-images.digital.rema1000.dk/450801/1-large-ElPBYdXQ9k.webp"}], "prices": [{"price": 45, "price_over_max_quantity": 64.95, "max_quantity": 6, "is_advertised": true, "is_campaign": true, "starting_at": "2025-08-17T00:00:00+00:00", "ending_at": "2025-08-23T00:00:00+00:00", "deposit": null, "compare_unit": "kg", "compare_unit_price": 100, "consumption_unit": null, "consumption_quantity": null}, {"price": 64.95, "price_over_max_quantity": null, "max_quantity": null, "is_advertised": false, "is_campaign": false, "starting_at": "2025-08-24T00:00:00+00:00", "ending_at": "2099-12-31T00:00:00+00:00", "deposit": null, "compare_unit": "kg", "compare_unit_price": 144.33, "consumption_unit": null, "consumption_quantity": null}], "temperature_zone": "refrigerated_5_degrees_celsius", "is_self_scale_item": false, "is_weight_item": false, "is_available_in_all_stores": true, "is_batch_item": false}
{"id": 450811, "name": "GULDOST ML 45+", "underline": "585 GR. / MED KOMMEN, MAMMEN", "age_limit": null, "hazard_precaution_statements": [], "labels": [{"id": 9001, "name": "Avisvare", "image": "https://static-assets.digital.rema1000.dk/product/labels/9001-64.webp"}, {"id": 70, "name": "Dansk", "image": "https://static-assets.digital.rema1000.dk/product/labels/70-64.webp"}], "description": null, "info": "", "images": [{"small": "https://rema-product-images.digital.rema1000.dk/450811/1-small-A5qVdAWkPa.webp", "medium": "https://rema-product-images.digital.rema1000.dk/450811/1-medium-A5qVdAWkPa.webp", "large": "https://rema-product-images.digital.rema1000.dk/450811/1-large-A5qVdAWkPa.webp"}], "prices": [{"price": 45, "price_over_max_quantity": 67.95, "max_quantity": 6, "is_advertised": true, "is_campaign": true, "starting_at": "2025-08-17T00:00:00+00:00", "ending_at": "2025-08-23T00:00:00+00:00", "deposit": null, "compare_unit": "kg", "compare_unit_price": 76.92, "consumption_unit": null, "consumption_quantity": null}, {"price": 67.95, "price_over_max_quantity": null, "max_quantity": null, "is_advertised": false, "is_campaign": false, "starting_at": "2025-08-24T00:00:00+00:00", "ending_at": "2025-11-15T00:00:00+00:00", "deposit": null, "compare_unit": "kg", "compare_unit_price": 116.15, "consumption_unit": null, "consumption_quantity": null}], "temperature_zone": "refrigerated_5_degrees_celsius", "is_self_scale_item": false, "is_weight_item": false, "is_available_in_all_stores": true, "is_batch_item": true}
{"id": 45094, "name": "FETTUCCINE FUNGHI", "underline": "350 GR. / REMA 1000", "age_limit": null, "hazard_precaution_statements": [], "labels": [{"id": 2, "name": "REMA1000", "image": "https://static-assets.digital.rema1000.dk/product/labels/2-64.webp"}], "description": "<b>Discount med holdning</b><br />I REMA 1000 har vi fokus på kvalitet til lave priser og overskriften på vores arbejde er Discount med holdning.<br />Vi har en klar holdning til alle de varer, vi sælger. Vi stiller ikke kun krav til kvaliteten af vores egne mærkevarer – det er også vigtigt for os, at emballagerne er designet til genanvendelse, at indholdet er uden problematiske stoffer, og at varerne er produceret ansvarligt samt mærket med tydelige og valide certificeringer.<br /> <br /><b>Om denne vare</b><br />REMA 1000 fettuccine funghi måltidsret er lavet efter en klassisk italiensk opskrift af fettuccine i en cremet svampesauce. Perfekt, når aftensmaden gerne må være nem og lækker. <br /><br /><b>Tilberedning</b><br />Retten skal tilberedes fra frossen tilstand i mikrobølgeovn efter anvisning på emballagen.", "info": "", "images": [{"small": "https://rema-product-images.digital.rema1000.dk/45094/1-small-vVorm3DP3z.webp", "medium": "https://rema-product-images.digital.rema1000.dk/45094/1-medium-vVorm3DP3z.webp", "large": "https://rema-product-images.digital.rema1000.dk/45094/1-large-vVorm3DP3z.webp"}], "prices": [{"price": 18.95, "price_over_max_quantity": null, "max_quantity": null, "is_advertised": false, "is_campaign": false, "starting_at": "2025-06-19T00:00:00+00:00", "ending_at": "2025-08-23T00:00:00+00:00", "deposit": null, "compare_unit": "kg", "compare_unit_price": 54.14, "consumption_unit": null, "consumption_quantity": null}], "temperature_zone": "frozen_18_degrees_celsius", "is_self_scale_item": false, "is_weight_item": false, "is_available_in_all_stores": true, "is_batch_item": false}
{"id": 45101, "name": "BRÆNDENDE KÆRLIGHED", "underline": "350 GR. / REMA 1000", "age_limit": null, "hazard_precaution_statements": [], "labels": [{"id": 9001, "name": "Avisvare", "image": "https://static-assets.digital.rema1000.dk/product/labels/9001-64.webp"}, {"id": 2, "name": "REMA1000", "image": "https://static-assets.digital.rema1000.dk/product/labels/2-64.webp"}], "description": "<b>Discount med holdning</b><br />I REMA 1000 har vi fokus på kvalitet til lave priser og overskriften på vores arbejde er Discount med holdning.<br />Vi har en klar holdning til alle de varer, vi sælger. Vi stiller ikke kun krav til kvaliteten af vores egne mærkevarer – det er også vigtigt for os, at emballagerne er designet til genanvendelse, at indholdet er uden problematiske stoffer, og at varerne er produceret ansvarligt samt mærket med tydelige og valide certificeringer.<br /> <br /><b>Om denne vare</b><br />REMA 1000 brændende kærlighed med kartoffelmos er en lækker måltidsret med kartoffelmos, hvor der ovenpå er en blanding af røget bacon og ristede løg. Retten kan serveres direkte fra bakken eller anrettes på en tallerken med rugbrød, rødbeder og agurker – alt efter eget ønske. Perfekt, når aftensmaden gerne må være nem og lækker. <br /><br /><b>Tilberedning</b><br />Retten tilberedes fra enten frossen eller optøet stand i ovn eller mikrobølgeovn efter anvisning på emballagen.", "info": "", "images": [{"small": "https://rema-product-images.digital.rema1000.dk/45101/1-small-ElPByn19kG.webp", "medium": "https://rema-product-images.digital.rema1000.dk/45101/1-medium-ElPByn19kG.webp", "large": "https://rema-product-images.digital.rema1000.dk/45101/1-large-ElPByn19kG.webp"}], "prices": [{"price": 15, "price_over_max_quantity": null, "max_quantity": null, "is_advertised": true, "is_campaign": true, "starting_at": "2025-08-17T00:00:00+00:00", "ending_at": "2025-08-23T00:00:00+00:00", "deposit": null, "compare_unit": "kg", "compare_unit_price": 42.86, "consumption_unit": null, "consumption_quantity": null}, {"price": 21.95, "price_over_max_quantity": null, "max_quantity": null, "is_advertised": false, "is_campaign": false, "starting_at": "2025-08-24T00:00:00+00:00", "ending_at": "2099-12-31T00:00:00+00:00", "deposit": null, "compare_unit": "kg", "compare_unit_price": 62.71, "consumption_unit": null, "consumption_quantity": null}], "temperature_zone": "frozen_18_degrees_celsius", "is_self_scale_item": false, "is_weight_item": false, "is_available_in_all_stores": true, "is_batch_item": false}
{"id": 45102, "name": "BOLLER I KARRY", "underline": "350 GR. / REMA 1000", "age_limit": null, "hazard_precaution_statements": [], "labels": [{"id": 9001, "name": "Avisvare", "image": "https://static-assets.digital.rema1000.dk/product/labels/9001-64.webp"}, {"id": 2, "name": "REMA1000", "image": "https://static-assets.digital.rema1000.dk/product/labels/2-64.webp"}], "description": "<b>Discount med holdning</b><br />I REMA 1000 har vi fokus på kvalitet til lave priser og overskriften på vores arbejde er Discount med holdning.<br />Vi har en klar holdning til alle de varer, vi sælger. Vi stiller ikke kun krav til kvaliteten af vores egne mærkevarer – det er også vigtigt for os, at emballagerne er designet til genanvendelse, at indholdet er uden problematiske stoffer, og at varerne er produceret ansvarligt samt mærket med tydelige og valide certificeringer.<br /> <br /><b>Om denne vare</b><br />REMA 1000 boller i karry er en måltidsret af kogte hvide ris, karrysauce og kødboller, der blandt andet består af hakket grise- og oksekød. Retten kan serveres direkte fra papbakken eller anrettes på en tallerken med et stykke rugbrød eller flute samt en grøn salat. Perfekt, når aftensmaden gerne må være nem og lækker. <br /><br /><b>Tilberedning</b><br />Retten tilberedes fra enten frossen eller optøet stand i ovn eller mikrobølgeovn efter anvisning på emballagen.<br />", "info": "", "images": [{"small": "https://rema-product-images.digital.rema1000.dk/45102/1-small-kAonKeMqx8.webp", "medium": "https://rema-product-images.digital.rema1000.dk/45102/1-medium-kAonKeMqx8.webp", "large": "https://rema-product-images.digital.rema1000.dk/45102/1-large-kAonKeMqx8.webp"}], "prices": [{"price": 15, "price_over_max_quantity": null, "max_quantity": null, "is_advertised": true, "is_campaign": true, "starting_at": "2025-08-17T00:00:00+00:00", "ending_at": "2025-08-23T00:00:00+00:00", "deposit": null, "compare_unit": "kg", "compare_unit_price": 42.86, "consumption_unit": null, "consumption_quantity": null}, {"price": 21.95, "price_over_max_quantity": null, "max_quantity": null, "is_advertised": false, "is_campaign": false, "starting_at": "2025-08-24T00:00:00+00:00", "ending_at": "2099-12-31T00:00:00+00:00", "deposit": null, "compare_unit": "kg", "compare_unit_price": 62.71, "consumption_unit": null, "consumption_quantity": null}], "temperature_zone": "frozen_18_degrees_celsius", "is_self_scale_item": false, "is_weight_item": false, "is_available_in_all_stores": true, "is_batch_item": false}
{"id": 45103, "name": "MILLIONBØF", "underline": "350 GR. / REMA 1000", "age_limit": null, "hazard_precaution_statements": [], "labels": [{"id": 9001, "name": "Avisvare", "image": "https://static-assets.digital.rema1000.dk/product/labels/9001-64.webp"}, {"id": 2, "name": "REMA1000", "image": "https://static-assets.digital.rema1000.dk/product/labels/2-64.webp"}], "description": "<b>Discount med holdning</b><br />I REMA 1000 har vi fokus på kvalitet til lave priser og overskriften på vores arbejde er Discount med holdning.<br />Vi har en klar holdning til alle de varer, vi sælger. Vi stiller ikke kun krav til kvaliteten af vores egne mærkevarer – det er også vigtigt for os, at emballagerne er designet til genanvendelse, at indholdet er uden problematiske stoffer, og at varerne er produceret ansvarligt samt mærket med tydelige og valide certificeringer.<br /> <br /><b>Om denne vare</b><br />REMA 1000 millionbøf er en måltidsret af klassisk oksekødskødsauce på en bund af kartoffelmos. Retten kan serveres direkte fra bakken eller anrettes på en tallerken med rugbrød/flutes - alt efter eget ønske. Perfekt, når aftensmaden gerne må være nem og lækker. <br /><br /><b>Tilberedning</b><br />Retten tilberedes fra enten frossen eller optøet stand i ovn eller mikrobølgeovn efter anvisning på emballagen.", "info": "", "images": [{"small": "https://rema-product-images.digital.rema1000.dk/45103/1-small-3MoMyweo5E.webp", "medium": "https://rema-product-images.digital.rema1000.dk/45103/1-medium-3MoMyweo5E.webp", "large": "https://rema-product-images.digital.rema1000.dk/45103/1-large-3MoMyweo5E.webp"}], "prices": [{"price": 15, "price_over_max_quantity": null, "max_quantity": null, "is_advertised": true, "is_campaign": true, "starting_at": "2025-08-17T00:00:00+00:00", "ending_at": "2025-08-23T00:00:00+00:00", "deposit": null, "compare_unit": "kg", "compare_unit_price": 42.86, "consumption_unit": null, "consumption_quantity": null}, {"price": 24.95, "price_over_max_quantity": null, "max_quantity": null, "is_advertised": false, "is_campaign": false, "starting_at": "2025-08-24T00:00:00+00:00", "ending_at": "2099-12-31T00:00:00+00:00", "deposit": null, "compare_unit": "kg", "compare_unit_price": 71.29, "consumption_unit": null, "consumption_quantity": null}], "temperature_zone": "frozen_18_degrees_celsius", "is_self_scale_item": false, "is_weight_item": false, "is_available_in_all_stores": false, "is_batch_item": false}
{"id": 451049, "name": "GOUDA AGED 48+", "underline": "200 GR. / CASTELLO", "age_limit": null, "hazard_precaution_statements": [], "labels": [], "description": null, "info": "", "images": [{"small": "https://rema-product-images.digital.rema1000.dk/451049/1-small-xQq8a13a9Z.webp", "medium": "https://rema-product-images.digital.rema1000.dk/451049/1-medium-xQq8a13a9Z.webp", "large": "https://rema-product-images.digital.rema1000.dk/451049/1-large-xQq8a13a9Z.webp"}], "prices": [{"price": 37.95, "price_over_max_quantity": null, "max_quantity": null, "is_advertised": false, "is_campaign": false, "starting_at": "2025-01-30T00:00:00+00:00", "ending_at": "2099-12-31T00:00:00+00:00", "deposit": null, "compare_unit": "kg", "compare_unit_price": 189.75, "consumption_unit": null, "consumption_quantity": null}], "temperature_zone": "refrigerated_5_degrees_celsius", "is_self_scale_item": false, "is_weight_item": false, "is_available_in_all_stores": false, "is_batch_item": false}
{"id": 451050, "name": "HAVARTI AGED", "underline": "200 GR. / CASTELLO", "age_limit": null, "hazard_precaution_statements": [], "labels": [], "description": null, "info": "", "images": [{"small": "https://rema-product-images.digital.rema1000.dk/451050/1-small-vVorg3b8q3.webp", "medium": "https://rema-product-images.digital.rema1000.dk/451050/1-medium-vVorg3b8q3.webp", "large": "https://rema-product-images.digital.rema1000.dk/451050/1-large-vVorg3b8q3.webp"}], "prices": [{"price": 37.95, "price_over_max_quantity": null, "max_quantity": null, "is_advertised": false, "is_campaign": false, "starting_at": "2025-01-30T00:00:00+00:00", "ending_at": "2099-12-31T00:00:00+00:00", "deposit": null, "compare_unit": "kg", "compare_unit_price": 189.75, "consumption_unit": null, "consumption_quantity": null}], "temperature_zone": "refrigerated_5_degrees_celsius", "is_self_scale_item": false, "is_weight_item": false, "is_available_in_all_stores": false, "is_batch_item": false}
{"id": 451052, "name": "HAVARTI 60+", "underline": "400 GR. / REMA 1000", "age_limit": null, "hazard_precaution_statements": [], "labels": [{"id": 2, "name": "REMA1000", "image": "https://static-assets.digital.rema1000.dk/product/labels/2-64.webp"}, {"id": 70, "name": "Dansk", "image": "https://static-assets.digital.rema1000.dk/product/labels/70-64.webp"}], "description": "<b>Discount med holdning</b><br />I REMA 1000 har vi fokus på kvalitet til lave priser og overskriften på vores arbejde er Discount med holdning.<br /> <br />Vi har en klar holdning til alle de varer, vi sælger. Vi stiller ikke kun krav til kvaliteten af vores egne mærkevarer – det er også vigtigt for os, at emballagerne er designet til genanvendelse, at indholdet er uden problematiske stoffer, og at varerne er produceret ansvarligt samt mærket med tydelige og valide certificeringer.<br /><br /><b>Om denne vare</b><br />﻿REMA 1000 flødehavarti er cremet og mild i smagen, og er god på et stykke rugbrød eller på en nybagt bolle.<br /><br />Vores REMA 1000 flødehavarti 60+ indeholder 38% fedt.", "info": "", "images": [{"small": "https://rema-product-images.digital.rema1000.dk/451052/1-small-NpP7r2dD9O.webp", "medium": "https://rema-product-images.digital.rema1000.dk/451052/1-medium-NpP7r2dD9O.webp", "large": "https://rema-product-images.digital.rema1000.dk/451052/1-large-NpP7r2dD9O.webp"}], "prices": [{"price": 37.95, "price_over_max_quantity": null, "max_quantity": null, "is_advertised": false, "is_campaign": false, "starting_at": "2025-01-30T00:00:00+00:00", "ending_at": "2099-12-31T00:00:00+00:00", "deposit": null, "compare_unit": "kg", "compare_unit_price": 94.88, "consumption_unit": null, "consumption_quantity": null}], "temperature_zone": "refrigerated_5_degrees_celsius", "is_self_scale_item": false, "is_weight_item": false, "is_available_in_all_stores": true, "is_batch_item": false}
{"id": 45107, "name": "FRIKADELLER M. RØDKÅL", "underline": "350 GR. / REMA 1000", "age_limit": null, "hazard_precaution_statements": [], "labels": [{"id": 9001, "name": "Avisvare", "image": "https://static-assets.digital.rema1000.dk/product/labels/9001-64.webp"}, {"id": 2, "name": "REMA1000", "image": "https://static-assets.digital.rema1000.dk/product/labels/2-64.webp"}], "description": "<b>Discount med holdning</b><br />I REMA 1000 har vi fokus på kvalitet til lave priser og overskriften på vores arbejde er Discount med holdning.<br />Vi har en klar holdning til alle de varer, vi sælger. Vi stiller ikke kun krav til kvaliteten af vores egne mærkevarer – det er også vigtigt for os, at emballagerne er designet til genanvendelse, at indholdet er uden problematiske stoffer, og at varerne er produceret ansvarligt samt mærket med tydelige og valide certificeringer.<br /> <br /><b>Om denne vare</b><br />REMA 1000 frikadeller med rødkål er en måltidsret med frikadeller af hakket grisekød, kartofler, flødesauce og rødkål. Retten kan serveres direkte fra bakken eller anrettes på en tallerken med rugbrød og agurkesalat – alt efter eget ønske. Perfekt, når aftensmaden gerne må være nem og lækker.<br /><br /><b>Tilberedning</b><br />Retten tilberedes fra enten frossen eller optøet stand i ovn eller mikrobølgeovn efter anvisning på emballagen.", "info": "", "images": [{"small": "https://rema-product-images.digital.rema1000.dk/45107/1-small-v09gnOzqAW.webp", "medium": "https://rema-product-images.digital.rema1000.dk/45107/1-medium-v09gnOzqAW.webp", "large": "https://rema-product-images.digital.rema1000.dk/45107/1-large-v09gnOzqAW.webp"}], "prices": [{"price": 15, "price_over_max_quantity": null, "max_quantity": null, "is_advertised": true, "is_campaign": true, "starting_at": "2025-08-17T00:00:00+00:00", "ending_at": "2025-08-23T00:00:00+00:00", "deposit": null, "compare_unit": "kg", "compare_unit_price": 42.86, "consumption_unit": null, "consumption_quantity": null}, {"price": 21.95, "price_over_max_quantity": null, "max_quantity": null, "is_advertised": false, "is_campaign": false, "starting_at": "2025-08-24T00:00:00+00:00", "ending_at": "2099-12-31T00:00:00+00:00", "deposit": null, "compare_unit": "kg", "compare_unit_price": 62.71, "consumption_unit": null, "consumption_quantity": null}], "temperature_zone": "frozen_18_degrees_celsius", "is_self_scale_item": false, "is_weight_item": false, "is_available_in_all_stores": true, "is_batch_item": false}
{"id": 451078, "name": "COUNTRY COW TOAST", "underline": "200 GR.", "age_limit": null, "hazard_precaution_statements": [], "labels": [], "description": null, "info": "", "images": [{"small": "https://rema-product-images.digital.rema1000.dk/451078/1-small-yLqGBxbZod.webp", "medium": "https://rema-product-images.digital.rema1000.dk/451078/1-medium-yLqGBxbZod.webp", "large": "https://rema-product-images.digital.rema1000.dk/451078/1-large-yLqGBxbZod.webp"}], "prices": [{"price": 11.95, "price_over_max_quantity": null, "max_quantity": null, "is_advertised": false, "is_campaign": false, "starting_at": "2025-01-16T00:00:00+00:00", "ending_at": "2099-12-31T00:00:00+00:00", "deposit": null, "compare_unit": "kg", "compare_unit_price": 59.75, "consumption_unit": null, "consumption_quantity": null}], "temperature_zone": "refrigerated_5_degrees_celsius", "is_self_scale_item": false, "is_weight_item": false, "is_available_in_all_stores": true, "is_batch_item": false}
{"id": 451081, "name": "COUNTRY COW BURGER", "underline": "200 GR.", "age_limit": null, "hazard_precaution_statements": [], "labels": [], "description": null, "info": "", "images": [{"small": "https://rema-product-images.digital.rema1000.dk/451081/1-small-JzPJ5R6e9k.webp", "medium": "https://rema-product-images.digital.rema1000.dk/451081/1-medium-JzPJ5R6e9k.webp", "large": "https://rema-product-images.digital.rema1000.dk/451081/1-large-JzPJ5R6e9k.webp"}], "prices": [{"price": 13.95, "price_over_max_quantity": null, "max_quantity": null, "is_advertised": false, "is_campaign": false, "starting_at": "2023-10-05T00:00:00+00:00", "ending_at": "2099-12-31T00:00:00+00:00", "deposit": null, "compare_unit": "kg", "compare_unit_price": 69.75, "consumption_unit": null, "consumption_quantity": null}], "temperature_zone": "refrigerated_5_degrees_celsius", "is_self_scale_item": false, "is_weight_item": false, "is_available_in_all_stores": false, "is_batch_item": false}
{"id": 451085, "name": "SMALLE SKIVER ML 45+", "underline": "150 GR. / REMA 1000, ØKOLOGISK", "age_limit": null, "hazard_precaution_statements": [], "labels": [{"id": 2, "name": "REMA1000", "image": "https://static-assets.digital.rema1000.dk/product/labels/2-64.webp"}, {"id": 5, "name": "Økologi", "image": "https://static-assets.digital.rema1000.dk/product/labels/5-64.webp"}, {"id": 6, "name": "Økologi", "image": "https://static-assets.digital.rema1000.dk/product/labels/6-64.webp"}, {"id": 70, "name": "Dansk", "image": "https://static-assets.digital.rema1000.dk/product/labels/70-64.webp"}], "description": "<b>Discount med holdning</b><br />I REMA 1000 har vi fokus på kvalitet til lave priser og overskriften på vores arbejde er Discount med holdning.<br /> <br />Vi har en klar holdning til alle de varer, vi sælger. Vi stiller ikke kun krav til kvaliteten af vores egne mærkevarer – det er også vigtigt for os, at emballagerne er designet til genanvendelse, at indholdet er uden problematiske stoffer, og at varerne er produceret ansvarligt samt mærket med tydelige og valide certificeringer.<br /><br /><b>Om denne vare</b><br />REMA 1000 økologisk mellemlagret skiveost, har en fast konsistens med en let og aromatisk smag. Den er god på et stykke rugbrød, på en nybagt bolle eller i en sandwich.<br /><br />Vores REMA 1000 skiveost er en økologisk mellemlagret 45+ ost med 25% fedt.", "info": "", "images": [{"small": "https://rema-product-images.digital.rema1000.dk/451085/1-small-we9EmjKk9g.webp", "medium": "https://rema-product-images.digital.rema1000.dk/451085/1-medium-we9EmjKk9g.webp", "large": "https://rema-product-images.digital.rema1000.dk/451085/1-large-we9EmjKk9g.webp"}], "prices": [{"price": 19.95, "price_over_max_quantity": null, "max_quantity": null, "is_advertised": false, "is_campaign": false, "starting_at": "2022-08-25T00:00:00+00:00", "ending_at": "2099-12-31T00:00:00+00:00", "deposit": null, "compare_unit": "kg", "compare_unit_price": 133, "consumption_unit": null, "consumption_quantity": null}], "temperature_zone": "refrigerated_5_degrees_celsius", "is_self_scale_item": false, "is_weight_item": false, "is_available_in_all_stores": true, "is_batch_item": false}
{"id": 451086, "name": "SMALLE SKIVER L 45+", "underline": "150 GR. / REMA 1000", "age_limit": null, "hazard_precaution_statements": [], "labels": [{"id": 2, "name": "REMA1000", "image": "https://static-assets.digital.rema1000.dk/product/labels/2-64.webp"}, {"id": 70, "name": "Dansk", "image": "https://static-assets.digital.rema1000.dk/product/labels/70-64.webp"}], "description": "<b>Discount med holdning</b><br />I REMA 1000 har vi fokus på kvalitet til lave priser og overskriften på vores arbejde er Discount med holdning.<br /> <br />Vi har en klar holdning til alle de varer, vi sælger. Vi stiller ikke kun krav til kvaliteten af vores egne mærkevarer – det er også vigtigt for os, at emballagerne er designet til genanvendelse, at indholdet er uden problematiske stoffer, og at varerne er produceret ansvarligt samt mærket med tydelige og valide certificeringer.<br /><br /><b>Om denne vare</b><br />﻿REMA 1000 lagret skiveost med smalle skiver, har en fast konsistens med fyldig smag. Den er god på et stykke rugbrød, på en nybagt bolle eller i en sandwich.<br /><br />Vores REMA 1000 skiveost er en lagret 45+ ost med 25% fedt.", "info": "", "images": [{"small": "https://rema-product-images.digital.rema1000.dk/451086/1-small-A4Py2vOdoL.webp", "medium": "https://rema-product-images.digital.rema1000.dk/451086/1-medium-A4Py2vOdoL.webp", "large": "https://rema-product-images.digital.rema1000.dk/451086/1-large-A4Py2vOdoL.webp"}], "prices": [{"price": 21.95, "price_over_max_quantity": null, "max_quantity": null, "is_advertised": false, "is_campaign": false, "starting_at": "2024-05-23T00:00:00+00:00", "ending_at": "2099-12-31T00:00:00+00:00", "deposit": null, "compare_unit": "kg", "compare_unit_price": 146.33, "consumption_unit": null, "consumption_quantity": null}], "temperature_zone": "refrigerated_5_degrees_celsius", "is_self_scale_item": false, "is_weight_item": false, "is_available_in_all_stores": true, "is_batch_item": false}
{"id": 451087, "name": "SMALLE SKIVER ML 30+", "underline": "150 GR. / REMA 1000", "age_limit": null, "hazard_precaution_statements": [], "labels": [{"id": 2, "name": "REMA1000", "image": "https://static-assets.digital.rema1000.dk/product/labels/2-64.webp"}, {"id": 40, "name": "Nøglehul", "image": "https://static-assets.digital.rema1000.dk/product/labels/40-64.webp"}, {"id": 70, "name": "Dansk", "image": "https://static-assets.digital.rema1000.dk/product/labels/70-64.webp"}], "description": "<b>Discount med holdning</b><br />I REMA 1000 har vi fokus på kvalitet til lave priser og overskriften på vores arbejde er Discount med holdning.<br /> <br />Vi har en klar holdning til alle de varer, vi sælger. Vi stiller ikke kun krav til kvaliteten af vores egne mærkevarer – det er også vigtigt for os, at emballagerne er designet til genanvendelse, at indholdet er uden problematiske stoffer, og at varerne er produceret ansvarligt samt mærket med tydelige og valide certificeringer.<br /><br /><b>Om denne vare</b><br />﻿REMA 1000 mellemlagret skiveost med smalle skiver, har en fast konsistens med en let og aromatisk smag. Den er god på et stykke rugbrød, på en nybagt bolle eller i en sandwich.<br /><br />Vores REMA 1000 skiveost er en mellemlagret 30+ ost med 16% fedt.", "info": "", "images": [{"small": "https://rema-product-images.digital.rema1000.dk/451087/1-small-dyom6JMMqV.webp", "medium": "https://rema-product-images.digital.rema1000.dk/451087/1-medium-dyom6JMMqV.webp", "large": "https://rema-product-images.digital.rema1000.dk/451087/1-large-dyom6JMMqV.webp"}], "prices": [{"price": 18.95, "price_over_max_quantity": null, "max_quantity": null, "is_advertised": false, "is_campaign": false, "starting_at": "2022-08-25T00:00:00+00:00", "ending_at": "2099-12-31T00:00:00+00:00", "deposit": null, "compare_unit": "kg", "compare_unit_price": 126.33, "consumption_unit": null, "consumption_quantity": null}], "temperature_zone": "refrigerated_5_degrees_celsius", "is_self_scale_item": false, "is_weight_item": false, "is_available_in_all_stores": true, "is_batch_item": false}
{"id": 45110, "name": "BØF MED BEARNAISE", "underline": "450 GR. / REMA 1000", "age_limit": null, "hazard_precaution_statements": [], "labels": [{"id": 2, "name": "REMA1000", "image": "https://static-assets.digital.rema1000.dk/product/labels/2-64.webp"}], "description": null, "info": "", "images": [{"small": "https://rema-product-images.digital.rema1000.dk/45110/1-small-Al90AmEP8w.webp", "medium": "https://rema-product-images.digital.rema1000.dk/45110/1-medium-Al90AmEP8w.webp", "large": "https://rema-product-images.digital.rema1000.dk/45110/1-large-Al90AmEP8w.webp"}], "prices": [{"price": 36.95, "price_over_max_quantity": null, "max_quantity": null, "is_advertised": false, "is_campaign": false, "starting_at": "2025-07-31T00:00:00+00:00", "ending_at": "2025-09-13T00:00:00+00:00", "deposit": null, "compare_unit": "kg", "compare_unit_price": 82.11, "consumption_unit": null, "consumption_quantity": null}], "temperature_zone": "frozen_18_degrees_celsius", "is_self_scale_item": false, "is_weight_item": false, "is_available_in_all_stores": true, "is_batch_item": false}
{"id": 451103, "name": "ML SKIVEOST 45+", "underline": "300 GR. / REMA 1000, MED KOMMEN", "age_limit": null, "hazard_precaution_statements": [], "labels": [{"id": 2, "name": "REMA1000", "image": "https://static-assets.digital.rema1000.dk/product/labels/2-64.webp"}, {"id": 70, "name": "Dansk", "image": "https://static-assets.digital.rema1000.dk/product/labels/70-64.webp"}], "description": "<b>Discount med holdning</b><br />I REMA 1000 har vi fokus på kvalitet til lave priser og overskriften på vores arbejde er Discount med holdning.<br /> <br />Vi har en klar holdning til alle de varer, vi sælger. Vi stiller ikke kun krav til kvaliteten af vores egne mærkevarer – det er også vigtigt for os, at emballagerne er designet til genanvendelse, at indholdet er uden problematiske stoffer, og at varerne er produceret ansvarligt samt mærket med tydelige og valide certificeringer.<br /><br /><b>Om denne vare</b><br />REMA 1000 mellemlagret skiveost med kommen har en fast konsistens med en let og aromatisk smag. Den er særligt god på en nybagt bolle.<br /><br />Vores REMA 1000 skiveost med kommen er en mellemlagret Danbo-ost 45+ med 25% fedt.", "info": "", "images": [{"small": "https://rema-product-images.digital.rema1000.dk/451103/1-small-3MoMgw8495.webp", "medium": "https://rema-product-images.digital.rema1000.dk/451103/1-medium-3MoMgw8495.webp", "large": "https://rema-product-images.digital.rema1000.dk/451103/1-large-3MoMgw8495.webp"}], "prices": [{"price": 33.95, "price_over_max_quantity": null, "max_quantity": null, "is_advertised": false, "is_campaign": false, "starting_at": "2025-01-30T00:00:00+00:00", "ending_at": "2099-12-31T00:00:00+00:00", "deposit": null, "compare_unit": "kg", "compare_unit_price": 113.17, "consumption_unit": null, "consumption_quantity": null}], "temperature_zone": "refrigerated_5_degrees_celsius", "is_self_scale_item": false, "is_weight_item": false, "is_available_in_all_stores": true, "is_batch_item": false}
{"id": 451107, "name": "MILD SKIVEOST 30+", "underline": "300 GR. / REMA 1000", "age_limit": null, "hazard_precaution_statements": [], "labels": [{"id": 2, "name": "REMA1000", "image": "https://static-assets.digital.rema1000.dk/product/labels/2-64.webp"}, {"id": 70, "name": "Dansk", "image": "https://static-assets.digital.rema1000.dk/product/labels/70-64.webp"}], "description": "<b>Discount med holdning</b><br />I REMA 1000 har vi fokus på kvalitet til lave priser og overskriften på vores arbejde er Discount med holdning.<br /> <br />Vi har en klar holdning til alle de varer, vi sælger. Vi stiller ikke kun krav til kvaliteten af vores egne mærkevarer – det er også vigtigt for os, at emballagerne er designet til genanvendelse, at indholdet er uden problematiske stoffer, og at varerne er produceret ansvarligt samt mærket med tydelige og valide certificeringer.<br /><br /><b>Om denne vare</b><br />﻿REMA 1000 mild skiveost har en blød konsistens med en milde smag. Den er god på et stykke rugbrød, på en nybagt bolle eller i en sandwich.<br /><br />Vores REMA 1000 skiveost er en mild Danbo-ost 30+ med 16% fedt.", "info": "", "images": [{"small": "https://rema-product-images.digital.rema1000.dk/451107/1-small-v09g3ORD9A.webp", "medium": "https://rema-product-images.digital.rema1000.dk/451107/1-medium-v09g3ORD9A.webp", "large": "https://rema-product-images.digital.rema1000.dk/451107/1-large-v09g3ORD9A.webp"}], "prices": [{"price": 33.95, "price_over_max_quantity": null, "max_quantity": null, "is_advertised": false, "is_campaign": false, "starting_at": "2025-01-30T00:00:00+00:00", "ending_at": "2099-12-31T00:00:00+00:00", "deposit": null, "compare_unit": "kg", "compare_unit_price": 113.17, "consumption_unit": null, "consumption_quantity": null}], "temperature_zone": "refrigerated_5_degrees_celsius", "is_self_scale_item": false, "is_weight_item": false, "is_available_in_all_stores": true, "is_batch_item": false}
{"id": 451109, "name": "CHEDDAR OST 50+", "underline": "100 GR. / REMA 1000", "age_limit": null, "hazard_precaution_statements": [], "labels": [{"id": 2, "name": "REMA1000", "image": "https://static-assets.digital.rema1000.dk/product/labels/2-64.webp"}], "description": "<b>Discount med holdning</b><br />I REMA 1000 har vi fokus på kvalitet til lave priser og overskriften på vores arbejde er Discount med holdning.<br /> <br />Vi har en klar holdning til alle de varer, vi sælger. Vi stiller ikke kun krav til kvaliteten af vores egne mærkevarer – det er også vigtigt for os, at emballagerne er designet til genanvendelse, at indholdet er uden problematiske stoffer, og at varerne er produceret ansvarligt samt mærket med tydelige og valide certificeringer.<br /><br /><b>Om denne vare</b><br />﻿REMA 1000 cheddarost er rund og fyldig i smagen, og er god til en klassisk burger eller sandwich.<br /><br />Vores REMA 1000 cheddarost er en fyldig 50+ ost med 33% fedt.", "info": "", "images": [{"small": "https://rema-product-images.digital.rema1000.dk/451109/1-small-aboKgVaWop.webp", "medium": "https://rema-product-images.digital.rema1000.dk/451109/1-medium-aboKgVaWop.webp", "large": "https://rema-product-images.digital.rema1000.dk/451109/1-large-aboKgVaWop.webp"}], "prices": [{"price": 14.95, "price_over_max_quantity": null, "max_quantity": null, "is_advertised": false, "is_campaign": false, "starting_at": "2025-02-27T00:00:00+00:00", "ending_at": "2099-12-31T00:00:00+00:00", "deposit": null, "compare_unit": "kg", "compare_unit_price": 149.5, "consumption_unit": null, "consumption_quantity": null}], "temperature_zone": "refrigerated_5_degrees_celsius", "is_self_scale_item": false, "is_weight_item": false, "is_available_in_all_stores": true, "is_batch_item": false}
{"id": 45111, "name": "KYLLING MED BEARNAISE", "underline": "450 GR. / REMA1000", "age_limit": null, "hazard_precaution_statements": [], "labels": [{"id": 2, "name": "REMA1000", "image": "https://static-assets.digital.rema1000.dk/product/labels/2-64.webp"}], "description": null, "info": "", "images": [{"small": "https://rema-product-images.digital.rema1000.dk/45111/1-small-A5qV1KRoaQ.webp", "medium": "https://rema-product-images.digital.rema1000.dk/45111/1-medium-A5qV1KRoaQ.webp", "large": "https://rema-product-images.digital.rema1000.dk/45111/1-large-A5qV1KRoaQ.webp"}], "prices": [{"price": 36.95, "price_over_max_quantity": null, "max_quantity": null, "is_advertised": false, "is_campaign": false, "starting_at": "2025-07-31T00:00:00+00:00", "ending_at": "2025-09-13T00:00:00+00:00", "deposit": null, "compare_unit": "kg", "compare_unit_price": 82.11, "consumption_unit": null, "consumption_quantity": null}], "temperature_zone": "frozen_18_degrees_celsius", "is_self_scale_item": false, "is_weight_item": false, "is_available_in_all_stores": true, "is_batch_item": false}
{"id": 451111, "name": "ML SKIVEOST OST", "underline": "250 GR. / REMA 1000, ØKOLOGISK", "age_limit": null, "hazard_precaution_statements": [], "labels": [{"id": 2, "name": "REMA1000", "image": "https://static-assets.digital.rema1000.dk/product/labels/2-64.webp"}, {"id": 5, "name": "Økologi", "image": "https://static-assets.digital.rema1000.dk/product/labels/5-64.webp"}, {"id": 6, "name": "Økologi", "image": "https://static-assets.digital.rema1000.dk/product/labels/6-64.webp"}, {"id": 203, "name": "Bedre dyrevelfærd 3", "image": "https://static-assets.digital.rema1000.dk/product/labels/203-64.webp"}], "description": null, "info": "", "images": [{"small": "https://rema-product-images.digital.rema1000.dk/451111/1-small-A5qVdKg1Pa.webp", "medium": "https://rema-product-images.digital.rema1000.dk/451111/1-medium-A5qVdKg1Pa.webp", "large": "https://rema-product-images.digital.rema1000.dk/451111/1-large-A5qVdKg1Pa.webp"}], "prices": [{"price": 31.95, "price_over_max_quantity": null, "max_quantity": null, "is_advertised": false, "is_campaign": false, "starting_at": "2024-12-12T00:00:00+00:00", "ending_at": "2099-12-31T00:00:00+00:00", "deposit": null, "compare_unit": "kg", "compare_unit_price": 127.8, "consumption_unit": null, "consumption_quantity": null}], "temperature_zone": "refrigerated_5_degrees_celsius", "is_self_scale_item": false, "is_weight_item": false, "is_available_in_all_stores": true, "is_batch_item": false}
{"id": 451112, "name": "GOUDA SKIVEOST 48+", "underline": "300 GR. / REMA 1000", "age_limit": null, "hazard_precaution_statements": [], "labels": [{"id": 2, "name": "REMA1000", "image": "https://static-assets.digital.rema1000.dk/product/labels/2-64.webp"}, {"id": 70, "name": "Dansk", "image": "https://static-assets.digital.rema1000.dk/product/labels/70-64.webp"}], "description": null, "info": "", "images": [{"small": "https://rema-product-images.digital.rema1000.dk/451112/1-small-18oXgVyEPk.webp", "medium": "https://rema-product-images.digital.rema1000.dk/451112/1-medium-18oXgVyEPk.webp", "large": "https://rema-product-images.digital.rema1000.dk/451112/1-large-18oXgVyEPk.webp"}], "prices": [{"price": 27.95, "price_over_max_quantity": null, "max_quantity": null, "is_advertised": false, "is_campaign": false, "starting_at": "2025-05-02T00:00:00+00:00", "ending_at": "2099-12-31T00:00:00+00:00", "deposit": null, "compare_unit": "kg", "compare_unit_price": 93.17, "consumption_unit": null, "consumption_quantity": null}], "temperature_zone": "refrigerated_5_degrees_celsius", "is_self_scale_item": false, "is_weight_item": false, "is_available_in_all_stores": true, "is_batch_item": false}
{"id": 45112, "name": "MØRBRAD A LA CREME", "underline": "450 GR. / REMA 1000,", "age_limit": null, "hazard_precaution_statements": [], "labels": [{"id": 2, "name": "REMA1000", "image": "https://static-assets.digital.rema1000.dk/product/labels/2-64.webp"}], "description": null, "info": "", "images": [{"small": "https://rema-product-images.digital.rema1000.dk/45112/1-small-18oX2Vd9kb.webp", "medium": "https://rema-product-images.digital.rema1000.dk/45112/1-medium-18oX2Vd9kb.webp", "large": "https://rema-product-images.digital.rema1000.dk/45112/1-large-18oX2Vd9kb.webp"}], "prices": [{"price": 34.95, "price_over_max_quantity": null, "max_quantity": null, "is_advertised": false, "is_campaign": false, "starting_at": "2025-07-31T00:00:00+00:00", "ending_at": "2025-09-13T00:00:00+00:00", "deposit": null, "compare_unit": "kg", "compare_unit_price": 77.67, "consumption_unit": null, "consumption_quantity": null}], "temperature_zone": "frozen_18_degrees_celsius", "is_self_scale_item": false, "is_weight_item": false, "is_available_in_all_stores": true, "is_batch_item": false}
{"id": 45113, "name": "KYLLING M. SKYSAUCE", "underline": "450 GR. / REMA 1000", "age_limit": null, "hazard_precaution_statements": [], "labels": [{"id": 2, "name": "REMA1000", "image": "https://static-assets.digital.rema1000.dk/product/labels/2-64.webp"}], "description": null, "info": "", "images": [{"small": "https://rema-product-images.digital.rema1000.dk/45113/1-small-wyPbl77qEm.webp", "medium": "https://rema-product-images.digital.rema1000.dk/45113/1-medium-wyPbl77qEm.webp", "large": "https://rema-product-images.digital.rema1000.dk/45113/1-large-wyPbl77qEm.webp"}], "prices": [{"price": 34.95, "price_over_max_quantity": null, "max_quantity": null, "is_advertised": false, "is_campaign": false, "starting_at": "2025-07-31T00:00:00+00:00", "ending_at": "2025-09-13T00:00:00+00:00", "deposit": null, "compare_unit": "kg", "compare_unit_price": 77.67, "consumption_unit": null, "consumption_quantity": null}], "temperature_zone": "frozen_18_degrees_celsius", "is_self_scale_item": false, "is_weight_item": false, "is_available_in_all_stores": true, "is_batch_item": false}
{"id": 451328, "name": "BLÅHVID OST", "underline": "200 GR. / HØNG", "age_limit": null, "hazard_precaution_statements": [], "labels": [], "description": null, "info": "", "images": [{"small": "https://rema-product-images.digital.rema1000.dk/451328/1-small-xyqaGgGOPD.webp", "medium": "https://rema-product-images.digital.rema1000.dk/451328/1-medium-xyqaGgGOPD.webp", "large": "https://rema-product-images.digital.rema1000.dk/451328/1-large-xyqaGgGOPD.webp"}], "prices": [{"price": 24.95, "price_over_max_quantity": null, "max_quantity": null, "is_advertised": false, "is_campaign": false, "starting_at": "2025-01-30T00:00:00+00:00", "ending_at": "2099-12-31T00:00:00+00:00", "deposit": null, "compare_unit": "kg", "compare_unit_price": 124.75, "consumption_unit": null, "consumption_quantity": null}], "temperature_zone": "refrigerated_5_degrees_celsius", "is_self_scale_item": false, "is_weight_item": false, "is_available_in_all_stores": true, "is_batch_item": false}
{"id": 45145, "name": "HØNS I ASPARGES", "underline": "350 GR. / HUMLUM, TARTELETFYLD", "age_limit": null, "hazard_precaution_statements": [], "labels": [], "description": "Humlum tarteletfyld er en klassisk høns i asparges med 25% kogt hønsekød og 8% asparges. Passer til ca. 5 tarteletter", "info": "", "images": [{"small": "https://rema-product-images.digital.rema1000.dk/45145/1-small-ElPByA19kG.webp", "medium": "https://rema-product-images.digital.rema1000.dk/45145/1-medium-ElPByA19kG.webp", "large": "https://rema-product-images.digital.rema1000.dk/45145/1-large-ElPByA19kG.webp"}], "prices": [{"price": 22.95, "price_over_max_quantity": null, "max_quantity": null, "is_advertised": false, "is_campaign": false, "starting_at": "2022-06-16T00:00:00+00:00", "ending_at": "2099-12-31T00:00:00+00:00", "deposit": null, "compare_unit": "kg", "compare_unit_price": 65.57, "consumption_unit": null, "consumption_quantity": null}], "temperature_zone": "frozen_18_degrees_celsius", "is_self_scale_item": false, "is_weight_item": false, "is_available_in_all_stores": true, "is_batch_item": false}
{"id": 451522, "name": "LE BRIE GOURMET", "underline": "200 GR. / PRÉSIDENT", "age_limit": null, "hazard_precaution_statements": [], "labels": [], "description": null, "info": "", "images": [{"small": "https://rema-product-images.digital.rema1000.dk/451522/1-small-pyozJG4woX.webp", "medium": "https://rema-product-images.digital.rema1000.dk/451522/1-medium-pyozJG4woX.webp", "large": "https://rema-product-images.digital.rema1000.dk/451522/1-large-pyozJG4woX.webp"}], "prices": [{"price": 29.95, "price_over_max_quantity": null, "max_quantity": null, "is_advertised": false, "is_campaign": false, "starting_at": "2025-01-30T00:00:00+00:00", "ending_at": "2099-12-31T00:00:00+00:00", "deposit": null, "compare_unit": "kg", "compare_unit_price": 149.75, "consumption_unit": null, "consumption_quantity": null}], "temperature_zone": "refrigerated_5_degrees_celsius", "is_self_scale_item": false, "is_weight_item": false, "is_available_in_all_stores": true, "is_batch_item": false}
{"id": 451582, "name": "DANSK BRIE 50+", "underline": "200 GR. / REMA 1000", "age_limit": null, "hazard_precaution_statements": [], "labels": [{"id": 2, "name": "REMA1000", "image": "https://static-assets.digital.rema1000.dk/product/labels/2-64.webp"}, {"id": 70, "name": "Dansk", "image": "https://static-assets.digital.rema1000.dk/product/labels/70-64.webp"}], "description": "<b>Discount med holdning</b><br />I REMA 1000 har vi fokus på kvalitet til lave priser og overskriften på vores arbejde er Discount med holdning.<br /> <br />Vi har en klar holdning til alle de varer, vi sælger. Vi stiller ikke kun krav til kvaliteten af vores egne mærkevarer – det er også vigtigt for os, at emballagerne er designet til genanvendelse, at indholdet er uden problematiske stoffer, og at varerne er produceret ansvarligt samt mærket med tydelige og valide certificeringer.<br /><br /><b>Om denne vare</b><br />REMA 1000 dansk brie er cremet, mild og rund i smagen. Den smager dejligt på et stykke rugbrød eller en nybagt bolle samt er god til weekendens tapas-servering.<br /><br />Vores REMA 1000 brie er en mild 50+ ost med 24% fedt.", "info": "", "images": [{"small": "https://rema-product-images.digital.rema1000.dk/451582/1-small-MBoNvBlmov.webp", "medium": "https://rema-product-images.digital.rema1000.dk/451582/1-medium-MBoNvBlmov.webp", "large": "https://rema-product-images.digital.rema1000.dk/451582/1-large-MBoNvBlmov.webp"}], "prices": [{"price": 20.95, "price_over_max_quantity": null, "max_quantity": null, "is_advertised": false, "is_campaign": false, "starting_at": "2025-01-30T00:00:00+00:00", "ending_at": "2099-12-31T00:00:00+00:00", "deposit": null, "compare_unit": "kg", "compare_unit_price": 104.75, "consumption_unit": null, "consumption_quantity": null}], "temperature_zone": "refrigerated_5_degrees_celsius", "is_self_scale_item": false, "is_weight_item": false, "is_available_in_all_stores": true, "is_batch_item": false}
{"id": 451602, "name": "FRANSK BRIE", "underline": "200 GR. / PLASIR DE ROY", "age_limit": null, "hazard_precaution_statements": [], "labels": [], "description": null, "info": "", "images": [{"small": "https://rema-product-images.digital.rema1000.dk/451602/1-small-kAonNexEox.webp", "medium": "https://rema-product-images.digital.rema1000.dk/451602/1-medium-kAonNexEox.webp", "large": "https://rema-product-images.digital.rema1000.dk/451602/1-large-kAonNexEox.webp"}], "prices": [{"price": 18.5, "price_over_max_quantity": null, "max_quantity": null, "is_advertised": false, "is_campaign": false, "starting_at": "2024-11-21T00:00:00+00:00", "ending_at": "2099-12-31T00:00:00+00:00", "deposit": null, "compare_unit": "kg", "compare_unit_price": 92.5, "consumption_unit": null, "consumption_quantity": null}], "temperature_zone": "refrigerated_5_degrees_celsius", "is_self_scale_item": false, "is_weight_item": false, "is_available_in_all_stores": true, "is_batch_item": false}
{"id": 451619, "name": "RICOTTA", "underline": "250 GR. / AMBROSI", "age_limit": null, "hazard_precaution_statements": [], "labels": [], "description": null, "info": "", "images": [{"small": "https://rema-product-images.digital.rema1000.dk/451619/1-small-rDq6Wak39b.webp", "medium": "https://rema-product-images.digital.rema1000.dk/451619/1-medium-rDq6Wak39b.webp", "large": "https://rema-product-images.digital.rema1000.dk/451619/1-large-rDq6Wak39b.webp"}], "prices": [{"price": 12.95, "price_over_max_quantity": null, "max_quantity": null, "is_advertised": false, "is_campaign": false, "starting_at": "2025-05-22T00:00:00+00:00", "ending_at": "2025-08-30T00:00:00+00:00", "deposit": null, "compare_unit": "kg", "compare_unit_price": 51.8, "consumption_unit": null, "consumption_quantity": null}], "temperature_zone": "refrigerated_5_degrees_celsius", "is_self_scale_item": false, "is_weight_item": false, "is_available_in_all_stores": false, "is_batch_item": false}
{"id": 451620, "name": "CAMEMBERT", "underline": "125 GR. / GRAND FERMAGE", "age_limit": null, "hazard_precaution_statements": [], "labels": [], "description": null, "info": "", "images": [{"small": "https://rema-product-images.digital.rema1000.dk/451620/1-small-AKqeEVeQqp.webp", "medium": "https://rema-product-images.digital.rema1000.dk/451620/1-medium-AKqeEVeQqp.webp", "large": "https://rema-product-images.digital.rema1000.dk/451620/1-large-AKqeEVeQqp.webp"}], "prices": [{"price": 15.95, "price_over_max_quantity": null, "max_quantity": null, "is_advertised": false, "is_campaign": false, "starting_at": "2023-01-26T00:00:00+00:00", "ending_at": "2025-08-27T00:00:00+00:00", "deposit": null, "compare_unit": "kg", "compare_unit_price": 127.6, "consumption_unit": null, "consumption_quantity": null}], "temperature_zone": "refrigerated_5_degrees_celsius", "is_self_scale_item": false, "is_weight_item": false, "is_available_in_all_stores": true, "is_batch_item": false}
{"id": 451653, "name": "EMMENTALER", "underline": "400 GR. / ALLGÄULAND", "age_limit": null, "hazard_precaution_statements": [], "labels": [], "description": null, "info": "", "images": [{"small": "https://rema-product-images.digital.rema1000.dk/451653/1-small-aboKgVRmop.webp", "medium": "https://rema-product-images.digital.rema1000.dk/451653/1-medium-aboKgVRmop.webp", "large": "https://rema-product-images.digital.rema1000.dk/451653/1-large-aboKgVRmop.webp"}], "prices": [{"price": 34.95, "price_over_max_quantity": null, "max_quantity": null, "is_advertised": false, "is_campaign": false, "starting_at": "2025-01-30T00:00:00+00:00", "ending_at": "2099-12-31T00:00:00+00:00", "deposit": null, "compare_unit": "kg", "compare_unit_price": 87.38, "consumption_unit": null, "consumption_quantity": null}], "temperature_zone": "refrigerated_5_degrees_celsius", "is_self_scale_item": false, "is_weight_item": false, "is_available_in_all_stores": true, "is_batch_item": false}
{"id": 451669, "name": "RONDELÉ GEDEOST", "underline": "100 GR. / PRÉSIDENT", "age_limit": null, "hazard_precaution_statements": [], "labels": [], "description": null, "info": "", "images": [{"small": "https://rema-product-images.digital.rema1000.dk/451669/1-small-Ea915VVj9z.webp", "medium": "https://rema-product-images.digital.rema1000.dk/451669/1-medium-Ea915VVj9z.webp", "large": "https://rema-product-images.digital.rema1000.dk/451669/1-large-Ea915VVj9z.webp"}], "prices": [{"price": 18.95, "price_over_max_quantity": null, "max_quantity": null, "is_advertised": false, "is_campaign": false, "starting_at": "2024-11-21T00:00:00+00:00", "ending_at": "2099-12-31T00:00:00+00:00", "deposit": null, "compare_unit": "kg", "compare_unit_price": 189.5, "consumption_unit": null, "consumption_quantity": null}], "temperature_zone": "refrigerated_5_degrees_celsius", "is_self_scale_item": false, "is_weight_item": false, "is_available_in_all_stores": false, "is_batch_item": false}
{"id": 451985, "name": "GEDERULLE", "underline": "180 GR. / SOIGNON", "age_limit": null, "hazard_precaution_statements": [], "labels": [], "description": null, "info": "", "images": [{"small": "https://rema-product-images.digital.rema1000.dk/451985/1-small-we9Em8D79g.webp", "medium": "https://rema-product-images.digital.rema1000.dk/451985/1-medium-we9Em8D79g.webp", "large": "https://rema-product-images.digital.rema1000.dk/451985/1-large-we9Em8D79g.webp"}], "prices": [{"price": 24.95, "price_over_max_quantity": null, "max_quantity": null, "is_advertised": false, "is_campaign": false, "starting_at": "2023-01-26T00:00:00+00:00", "ending_at": "2099-12-31T00:00:00+00:00", "deposit": null, "compare_unit": "kg", "compare_unit_price": 138.61, "consumption_unit": null, "consumption_quantity": null}], "temperature_zone": "refrigerated_5_degrees_celsius", "is_self_scale_item": false, "is_weight_item": false, "is_available_in_all_stores": false, "is_batch_item": false}
{"id": 451987, "name": "SNACK BRIE", "underline": "180 GR. / PRÉSIDENT", "age_limit": null, "hazard_precaution_statements": [], "labels": [{"id": 9001, "name": "Avisvare", "image": "https://static-assets.digital.rema1000.dk/product/labels/9001-64.webp"}], "description": null, "info": "", "images": [{"small": "https://rema-product-images.digital.rema1000.dk/451987/1-small-dyom6WNDqV.webp", "medium": "https://rema-product-images.digital.rema1000.dk/451987/1-medium-dyom6WNDqV.webp", "large": "https://rema-product-images.digital.rema1000.dk/451987/1-large-dyom6WNDqV.webp"}], "prices": [{"price": 20, "price_over_max_quantity": null, "max_quantity": null, "is_advertised": true, "is_campaign": false, "starting_at": "2025-08-17T00:00:00+00:00", "ending_at": "2025-11-15T00:00:00+00:00", "deposit": null, "compare_unit": "kg", "compare_unit_price": 111.11, "consumption_unit": null, "consumption_quantity": null}], "temperature_zone": "refrigerated_5_degrees_celsius", "is_self_scale_item": false, "is_weight_item": false, "is_available_in_all_stores": true, "is_batch_item": true}
{"id": 451988, "name": "SNACK RØDKIT OST", "underline": "180 GR. / PRÉSIDENT", "age_limit": null, "hazard_precaution_statements": [], "labels": [{"id": 9001, "name": "Avisvare", "image": "https://static-assets.digital.rema1000.dk/product/labels/9001-64.webp"}], "description": null, "info": "", "images": [{"small": "https://rema-product-images.digital.rema1000.dk/451988/1-small-xePw0G11ow.webp", "medium": "https://rema-product-images.digital.rema1000.dk/451988/1-medium-xePw0G11ow.webp", "large": "https://rema-product-images.digital.rema1000.dk/451988/1-large-xePw0G11ow.webp"}], "prices": [{"price": 20, "price_over_max_quantity": null, "max_quantity": null, "is_advertised": true, "is_campaign": false, "starting_at": "2025-08-17T00:00:00+00:00", "ending_at": "2025-11-15T00:00:00+00:00", "deposit": null, "compare_unit": "kg", "compare_unit_price": 111.11, "consumption_unit": null, "consumption_quantity": null}], "temperature_zone": "refrigerated_5_degrees_celsius", "is_self_scale_item": false, "is_weight_item": false, "is_available_in_all_stores": true, "is_batch_item": true}
{"id": 451992, "name": "SAINT MORGON", "underline": "200 GR. / PRÉSIDENT", "age_limit": null, "hazard_precaution_statements": [], "labels": [], "description": null, "info": "", "images": [{"small": "https://rema-product-images.digital.rema1000.dk/451992/1-small-OJq57O0nPp.webp", "medium": "https://rema-product-images.digital.rema1000.dk/451992/1-medium-OJq57O0nPp.webp", "large": "https://rema-product-images.digital.rema1000.dk/451992/1-large-OJq57O0nPp.webp"}], "prices": [{"price": 28.5, "price_over_max_quantity": null, "max_quantity": null, "is_advertised": false, "is_campaign": false, "starting_at": "2025-01-30T00:00:00+00:00", "ending_at": "2099-12-31T00:00:00+00:00", "deposit": null, "compare_unit": "kg", "compare_unit_price": 142.5, "consumption_unit": null, "consumption_quantity": null}], "temperature_zone": "refrigerated_5_degrees_celsius", "is_self_scale_item": false, "is_weight_item": false, "is_available_in_all_stores": false, "is_batch_item": false}
{"id": 452007, "name": "BURRATA", "underline": "120 GR. / AMBROSI", "age_limit": null, "hazard_precaution_statements": [], "labels": [], "description": null, "info": "", "images": [{"small": "https://rema-product-images.digital.rema1000.dk/452007/1-small-v09g3OWm9A.webp", "medium": "https://rema-product-images.digital.rema1000.dk/452007/1-medium-v09g3OWm9A.webp", "large": "https://rema-product-images.digital.rema1000.dk/452007/1-large-v09g3OWm9A.webp"}], "prices": [{"price": 19.95, "price_over_max_quantity": null, "max_quantity": null, "is_advertised": false, "is_campaign": false, "starting_at": "2025-05-22T00:00:00+00:00", "ending_at": "2025-08-23T00:00:00+00:00", "deposit": null, "compare_unit": "kg", "compare_unit_price": 166.25, "consumption_unit": null, "consumption_quantity": null}], "temperature_zone": "refrigerated_5_degrees_celsius", "is_self_scale_item": false, "is_weight_item": false, "is_available_in_all_stores": false, "is_batch_item": false}
{"id": 452010, "name": "BLUE", "underline": "150 GR. / CASTELLO", "age_limit": null, "hazard_precaution_statements": [], "labels": [], "description": null, "info": "", "images": [{"small": "https://rema-product-images.digital.rema1000.dk/452010/1-small-Al90Mm8kP8.webp", "medium": "https://rema-product-images.digital.rema1000.dk/452010/1-medium-Al90Mm8kP8.webp", "large": "https://rema-product-images.digital.rema1000.dk/452010/1-large-Al90Mm8kP8.webp"}], "prices": [{"price": 28.95, "price_over_max_quantity": null, "max_quantity": null, "is_advertised": false, "is_campaign": false, "starting_at": "2025-01-30T00:00:00+00:00", "ending_at": "2025-08-30T00:00:00+00:00", "deposit": null, "compare_unit": "kg", "compare_unit_price": 193, "consumption_unit": null, "consumption_quantity": null}], "temperature_zone": "refrigerated_5_degrees_celsius", "is_self_scale_item": false, "is_weight_item": false, "is_available_in_all_stores": true, "is_batch_item": false}
{"id": 452036, "name": "GORGONZOLA", "underline": "200 GR. / IGOR", "age_limit": null, "hazard_precaution_statements": [], "labels": [], "description": null, "info": "", "images": [{"small": "https://rema-product-images.digital.rema1000.dk/452036/1-small-7doLOXxEP6.webp", "medium": "https://rema-product-images.digital.rema1000.dk/452036/1-medium-7doLOXxEP6.webp", "large": "https://rema-product-images.digital.rema1000.dk/452036/1-large-7doLOXxEP6.webp"}], "prices": [{"price": 21.95, "price_over_max_quantity": null, "max_quantity": null, "is_advertised": false, "is_campaign": false, "starting_at": "2025-06-19T00:00:00+00:00", "ending_at": "2099-12-31T00:00:00+00:00", "deposit": null, "compare_unit": "kg", "compare_unit_price": 109.75, "consumption_unit": null, "consumption_quantity": null}], "temperature_zone": "refrigerated_5_degrees_celsius", "is_self_scale_item": false, "is_weight_item": false, "is_available_in_all_stores": true, "is_batch_item": false}
{"id": 452217, "name": "DANABLU", "underline": "125 GR. / CASTELLO", "age_limit": null, "hazard_precaution_statements": [], "labels": [], "description": null, "info": "", "images": [{"small": "https://rema-product-images.digital.rema1000.dk/452217/1-small-Z8qpAQm093.webp", "medium": "https://rema-product-images.digital.rema1000.dk/452217/1-medium-Z8qpAQm093.webp", "large": "https://rema-product-images.digital.rema1000.dk/452217/1-large-Z8qpAQm093.webp"}], "prices": [{"price": 24.95, "price_over_max_quantity": null, "max_quantity": null, "is_advertised": false, "is_campaign": false, "starting_at": "2025-01-30T00:00:00+00:00", "ending_at": "2025-08-30T00:00:00+00:00", "deposit": null, "compare_unit": "kg", "compare_unit_price": 199.6, "consumption_unit": null, "consumption_quantity": null}], "temperature_zone": "refrigerated_5_degrees_celsius", "is_self_scale_item": false, "is_weight_item": false, "is_available_in_all_stores": true, "is_batch_item": false}
{"id": 452312, "name": "DANABLU 50+", "underline": "150 GR. / REMA 1000", "age_limit": null, "hazard_precaution_statements": [], "labels": [{"id": 2, "name": "REMA1000", "image": "https://static-assets.digital.rema1000.dk/product/labels/2-64.webp"}, {"id": 70, "name": "Dansk", "image": "https://static-assets.digital.rema1000.dk/product/labels/70-64.webp"}], "description": null, "info": "", "images": [{"small": "https://rema-product-images.digital.rema1000.dk/452312/1-small-18oXgV87Pk.webp", "medium": "https://rema-product-images.digital.rema1000.dk/452312/1-medium-18oXgV87Pk.webp", "large": "https://rema-product-images.digital.rema1000.dk/452312/1-large-18oXgV87Pk.webp"}], "prices": [{"price": 19.5, "price_over_max_quantity": null, "max_quantity": null, "is_advertised": false, "is_campaign": false, "starting_at": "2025-01-30T00:00:00+00:00", "ending_at": "2099-12-31T00:00:00+00:00", "deposit": null, "compare_unit": "kg", "compare_unit_price": 130, "consumption_unit": null, "consumption_quantity": null}], "temperature_zone": "refrigerated_5_degrees_celsius", "is_self_scale_item": false, "is_weight_item": false, "is_available_in_all_stores": true, "is_batch_item": false}
{"id": 452878, "name": "KRYDDEROST", "underline": "200 GR. / BUKO", "age_limit": null, "hazard_precaution_statements": [], "labels": [], "description": null, "info": "", "images": [{"small": "https://rema-product-images.digital.rema1000.dk/452878/1-small-yLqGBg67od.webp", "medium": "https://rema-product-images.digital.rema1000.dk/452878/1-medium-yLqGBg67od.webp", "large": "https://rema-product-images.digital.rema1000.dk/452878/1-large-yLqGBg67od.webp"}], "prices": [{"price": 27.95, "price_over_max_quantity": null, "max_quantity": null, "is_advertised": false, "is_campaign": false, "starting_at": "2025-01-30T00:00:00+00:00", "ending_at": "2099-12-31T00:00:00+00:00", "deposit": null, "compare_unit": "kg", "compare_unit_price": 139.75, "consumption_unit": null, "consumption_quantity": null}], "temperature_zone": "refrigerated_5_degrees_celsius", "is_self_scale_item": false, "is_weight_item": false, "is_available_in_all_stores": false, "is_batch_item": false}
{"id": 452879, "name": "BACONOST", "underline": "200 GR. / BUKO", "age_limit": null, "hazard_precaution_statements": [], "labels": [], "description": null, "info": "", "images": [{"small": "https://rema-product-images.digital.rema1000.dk/452879/1-small-Gb9kJjR4q7.webp", "medium": "https://rema-product-images.digital.rema1000.dk/452879/1-medium-Gb9kJjR4q7.webp", "large": "https://rema-product-images.digital.rema1000.dk/452879/1-large-Gb9kJjR4q7.webp"}], "prices": [{"price": 27.95, "price_over_max_quantity": null, "max_quantity": null, "is_advertised": false, "is_campaign": false, "starting_at": "2025-01-30T00:00:00+00:00", "ending_at": "2099-12-31T00:00:00+00:00", "deposit": null, "compare_unit": "kg", "compare_unit_price": 139.75, "consumption_unit": null, "consumption_quantity": null}], "temperature_zone": "refrigerated_5_degrees_celsius", "is_self_scale_item": false, "is_weight_item": false, "is_available_in_all_stores": false, "is_batch_item": false}
{"id": 452880, "name": "REJEOST", "underline": "200 GR. / BUKO", "age_limit": null, "hazard_precaution_statements": [], "labels": [], "description": null, "info": "", "images": [{"small": "https://rema-product-images.digital.rema1000.dk/452880/1-small-7doLOXdNP6.webp", "medium": "https://rema-product-images.digital.rema1000.dk/452880/1-medium-7doLOXdNP6.webp", "large": "https://rema-product-images.digital.rema1000.dk/452880/1-large-7doLOXdNP6.webp"}], "prices": [{"price": 27.95, "price_over_max_quantity": null, "max_quantity": null, "is_advertised": false, "is_campaign": false, "starting_at": "2025-01-30T00:00:00+00:00", "ending_at": "2099-12-31T00:00:00+00:00", "deposit": null, "compare_unit": "kg", "compare_unit_price": 139.75, "consumption_unit": null, "consumption_quantity": null}], "temperature_zone": "refrigerated_5_degrees_celsius", "is_self_scale_item": false, "is_weight_item": false, "is_available_in_all_stores": true, "is_batch_item": false}
{"id": 452885, "name": "SKINKEOST", "underline": "200 GR. / BUKO", "age_limit": null, "hazard_precaution_statements": [], "labels": [], "description": null, "info": "", "images": [{"small": "https://rema-product-images.digital.rema1000.dk/452885/1-small-we9Em8pR9g.webp", "medium": "https://rema-product-images.digital.rema1000.dk/452885/1-medium-we9Em8pR9g.webp", "large": "https://rema-product-images.digital.rema1000.dk/452885/1-large-we9Em8pR9g.webp"}], "prices": [{"price": 27.95, "price_over_max_quantity": null, "max_quantity": null, "is_advertised": false, "is_campaign": false, "starting_at": "2025-01-30T00:00:00+00:00", "ending_at": "2099-12-31T00:00:00+00:00", "deposit": null, "compare_unit": "kg", "compare_unit_price": 139.75, "consumption_unit": null, "consumption_quantity": null}], "temperature_zone": "refrigerated_5_degrees_celsius", "is_self_scale_item": false, "is_weight_item": false, "is_available_in_all_stores": true, "is_batch_item": false}
{"id": 453015, "name": "HVIDLØGSOST", "underline": "150 GR. / CASTELLO, ØKOLOGISK", "age_limit": null, "hazard_precaution_statements": [], "labels": [{"id": 5, "name": "Økologi", "image": "https://static-assets.digital.rema1000.dk/product/labels/5-64.webp"}, {"id": 6, "name": "Økologi", "image": "https://static-assets.digital.rema1000.dk/product/labels/6-64.webp"}], "description": null, "info": "", "images": [{"small": "https://rema-product-images.digital.rema1000.dk/453015/1-small-KpqRv8kdqL.webp", "medium": "https://rema-product-images.digital.rema1000.dk/453015/1-medium-KpqRv8kdqL.webp", "large": "https://rema-product-images.digital.rema1000.dk/453015/1-large-KpqRv8kdqL.webp"}], "prices": [{"price": 21.95, "price_over_max_quantity": null, "max_quantity": null, "is_advertised": false, "is_campaign": false, "starting_at": "2025-01-30T00:00:00+00:00", "ending_at": "2025-08-30T00:00:00+00:00", "deposit": null, "compare_unit": "kg", "compare_unit_price": 146.33, "consumption_unit": null, "consumption_quantity": null}], "temperature_zone": "refrigerated_5_degrees_celsius", "is_self_scale_item": false, "is_weight_item": false, "is_available_in_all_stores": true, "is_batch_item": false}
{"id": 453024, "name": "CASTELLO FLØJL", "underline": "170 GR. / SMØRBAR OST", "age_limit": null, "hazard_precaution_statements": [], "labels": [], "description": null, "info": "", "images": [{"small": "https://rema-product-images.digital.rema1000.dk/453024/1-small-vXod3dmmP3.webp", "medium": "https://rema-product-images.digital.rema1000.dk/453024/1-medium-vXod3dmmP3.webp", "large": "https://rema-product-images.digital.rema1000.dk/453024/1-large-vXod3dmmP3.webp"}], "prices": [{"price": 26.95, "price_over_max_quantity": null, "max_quantity": null, "is_advertised": false, "is_campaign": false, "starting_at": "2025-01-30T00:00:00+00:00", "ending_at": "2025-08-30T00:00:00+00:00", "deposit": null, "compare_unit": "kg", "compare_unit_price": 158.53, "consumption_unit": null, "consumption_quantity": null}], "temperature_zone": "refrigerated_5_degrees_celsius", "is_self_scale_item": false, "is_weight_item": false, "is_available_in_all_stores": true, "is_batch_item": false}
{"id": 453040, "name": "HVIDLØG & URTER", "underline": "200 GR. / PHILADELPHIA", "age_limit": null, "hazard_precaution_statements": [], "labels": [], "description": null, "info": "", "images": [{"small": "https://rema-product-images.digital.rema1000.dk/453040/1-small-rQqQV0vY9e.webp", "medium": "https://rema-product-images.digital.rema1000.dk/453040/1-medium-rQqQV0vY9e.webp", "large": "https://rema-product-images.digital.rema1000.dk/453040/1-large-rQqQV0vY9e.webp"}], "prices": [{"price": 28.95, "price_over_max_quantity": null, "max_quantity": null, "is_advertised": false, "is_campaign": false, "starting_at": "2025-06-26T00:00:00+00:00", "ending_at": "2025-08-23T00:00:00+00:00", "deposit": null, "compare_unit": "kg", "compare_unit_price": 144.75, "consumption_unit": null, "consumption_quantity": null}], "temperature_zone": "refrigerated_5_degrees_celsius", "is_self_scale_item": false, "is_weight_item": false, "is_available_in_all_stores": false, "is_batch_item": false}
{"id": 453041, "name": "ORIGINAL", "underline": "200 GR. / PHILADELPHIA", "age_limit": null, "hazard_precaution_statements": [], "labels": [], "description": null, "info": "", "images": [{"small": "https://rema-product-images.digital.rema1000.dk/453041/1-small-we9Emx079g.webp", "medium": "https://rema-product-images.digital.rema1000.dk/453041/1-medium-we9Emx079g.webp", "large": "https://rema-product-images.digital.rema1000.dk/453041/1-large-we9Emx079g.webp"}], "prices": [{"price": 28.95, "price_over_max_quantity": null, "max_quantity": null, "is_advertised": false, "is_campaign": false, "starting_at": "2025-06-26T00:00:00+00:00", "ending_at": "2025-08-23T00:00:00+00:00", "deposit": null, "compare_unit": "kg", "compare_unit_price": 144.75, "consumption_unit": null, "consumption_quantity": null}], "temperature_zone": "refrigerated_5_degrees_celsius", "is_self_scale_item": false, "is_weight_item": false, "is_available_in_all_stores": true, "is_batch_item": false}
{"id": 453101, "name": "RONDELÉ VALNØD", "underline": "125 GR. / PRÉSIDENT", "age_limit": null, "hazard_precaution_statements": [], "labels": [], "description": null, "info": "", "images": [{"small": "https://rema-product-images.digital.rema1000.dk/453101/1-small-ElPBYA1J9k.webp", "medium": "https://rema-product-images.digital.rema1000.dk/453101/1-medium-ElPBYA1J9k.webp", "large": "https://rema-product-images.digital.rema1000.dk/453101/1-large-ElPBYA1J9k.webp"}], "prices": [{"price": 18.5, "price_over_max_quantity": null, "max_quantity": null, "is_advertised": false, "is_campaign": false, "starting_at": "2025-01-30T00:00:00+00:00", "ending_at": "2099-12-31T00:00:00+00:00", "deposit": null, "compare_unit": "kg", "compare_unit_price": 148, "consumption_unit": null, "consumption_quantity": null}], "temperature_zone": "refrigerated_5_degrees_celsius", "is_self_scale_item": false, "is_weight_item": false, "is_available_in_all_stores": false, "is_batch_item": false}
{"id": 453570, "name": "FLØDEOST", "underline": "150 GR. / ØKOLANDET, KRYDDERURTER, ØKOLOGISK", "age_limit": null, "hazard_precaution_statements": [], "labels": [{"id": 5, "name": "Økologi", "image": "https://static-assets.digital.rema1000.dk/product/labels/5-64.webp"}], "description": null, "info": "", "images": [{"small": "https://rema-product-images.digital.rema1000.dk/453570/1-small-kOq3Xkm596.webp", "medium": "https://rema-product-images.digital.rema1000.dk/453570/1-medium-kOq3Xkm596.webp", "large": "https://rema-product-images.digital.rema1000.dk/453570/1-large-kOq3Xkm596.webp"}], "prices": [{"price": 15.5, "price_over_max_quantity": null, "max_quantity": null, "is_advertised": false, "is_campaign": false, "starting_at": "2025-06-26T00:00:00+00:00", "ending_at": "2099-12-31T00:00:00+00:00", "deposit": null, "compare_unit": "kg", "compare_unit_price": 103.33, "consumption_unit": null, "consumption_quantity": null}], "temperature_zone": "refrigerated_5_degrees_celsius", "is_self_scale_item": false, "is_weight_item": false, "is_available_in_all_stores": true, "is_batch_item": false}
{"id": 453625, "name": "REJEOST 8%", "underline": "200 GR. / BUKO, LIGHT", "age_limit": null, "hazard_precaution_statements": [], "labels": [], "description": null, "info": "", "images": [{"small": "https://rema-product-images.digital.rema1000.dk/453625/1-small-Ea915OVy9z.webp", "medium": "https://rema-product-images.digital.rema1000.dk/453625/1-medium-Ea915OVy9z.webp", "large": "https://rema-product-images.digital.rema1000.dk/453625/1-large-Ea915OVy9z.webp"}], "prices": [{"price": 27.95, "price_over_max_quantity": null, "max_quantity": null, "is_advertised": false, "is_campaign": false, "starting_at": "2025-01-30T00:00:00+00:00", "ending_at": "2099-12-31T00:00:00+00:00", "deposit": null, "compare_unit": "kg", "compare_unit_price": 139.75, "consumption_unit": null, "consumption_quantity": null}], "temperature_zone": "refrigerated_5_degrees_celsius", "is_self_scale_item": false, "is_weight_item": false, "is_available_in_all_stores": true, "is_batch_item": false}
{"id": 454212, "name": "GARLI", "underline": "125 GR. / BUKO", "age_limit": null, "hazard_precaution_statements": [], "labels": [], "description": null, "info": "", "images": [{"small": "https://rema-product-images.digital.rema1000.dk/454212/1-small-18oXgM8yPk.webp", "medium": "https://rema-product-images.digital.rema1000.dk/454212/1-medium-18oXgM8yPk.webp", "large": "https://rema-product-images.digital.rema1000.dk/454212/1-large-18oXgM8yPk.webp"}], "prices": [{"price": 14.5, "price_over_max_quantity": null, "max_quantity": null, "is_advertised": false, "is_campaign": false, "starting_at": "2025-01-30T00:00:00+00:00", "ending_at": "2099-12-31T00:00:00+00:00", "deposit": null, "compare_unit": "kg", "compare_unit_price": 116, "consumption_unit": null, "consumption_quantity": null}], "temperature_zone": "refrigerated_5_degrees_celsius", "is_self_scale_item": false, "is_weight_item": false, "is_available_in_all_stores": true, "is_batch_item": false}
{"id": 45485, "name": "SMØRCROISSANT", "underline": "280 GR. / REMA 1000", "age_limit": null, "hazard_precaution_statements": [], "labels": [{"id": 2, "name": "REMA1000", "image": "https://static-assets.digital.rema1000.dk/product/labels/2-64.webp"}], "description": null, "info": "", "images": [{"small": "https://rema-product-images.digital.rema1000.dk/45485/1-small-we9EyQJ9gp.webp", "medium": "https://rema-product-images.digital.rema1000.dk/45485/1-medium-we9EyQJ9gp.webp", "large": "https://rema-product-images.digital.rema1000.dk/45485/1-large-we9EyQJ9gp.webp"}], "prices": [{"price": 24.95, "price_over_max_quantity": null, "max_quantity": null, "is_advertised": false, "is_campaign": false, "starting_at": "2022-10-20T00:00:00+00:00", "ending_at": "2099-12-31T00:00:00+00:00", "deposit": null, "compare_unit": "kg", "compare_unit_price": 89.11, "consumption_unit": null, "consumption_quantity": null}], "temperature_zone": "frozen_18_degrees_celsius", "is_self_scale_item": false, "is_weight_item": false, "is_available_in_all_stores": true, "is_batch_item": false}
{"id": 45486, "name": "CHOKO CROISSANT", "underline": "180 GR. / REMA 1000", "age_limit": null, "hazard_precaution_statements": [], "labels": [{"id": 2, "name": "REMA1000", "image": "https://static-assets.digital.rema1000.dk/product/labels/2-64.webp"}], "description": null, "info": "", "images": [{"small": "https://rema-product-images.digital.rema1000.dk/45486/1-small-A4PyerLPLV.webp", "medium": "https://rema-product-images.digital.rema1000.dk/45486/1-medium-A4PyerLPLV.webp", "large": "https://rema-product-images.digital.rema1000.dk/45486/1-large-A4PyerLPLV.webp"}], "prices": [{"price": 22.95, "price_over_max_quantity": null, "max_quantity": null, "is_advertised": false, "is_campaign": false, "starting_at": "2022-10-20T00:00:00+00:00", "ending_at": "2099-12-31T00:00:00+00:00", "deposit": null, "compare_unit": "kg", "compare_unit_price": 127.5, "consumption_unit": null, "consumption_quantity": null}], "temperature_zone": "frozen_18_degrees_celsius", "is_self_scale_item": false, "is_weight_item": false, "is_available_in_all_stores": true, "is_batch_item": false}
{"id": 45487, "name": "WIENERPEKAN", "underline": "280 GR. / REMA 1000", "age_limit": null, "hazard_precaution_statements": [], "labels": [{"id": 2, "name": "REMA1000", "image": "https://static-assets.digital.rema1000.dk/product/labels/2-64.webp"}], "description": null, "info": "", "images": [{"small": "https://rema-product-images.digital.rema1000.dk/45487/1-small-dyom7RA9Vm.webp", "medium": "https://rema-product-images.digital.rema1000.dk/45487/1-medium-dyom7RA9Vm.webp", "large": "https://rema-product-images.digital.rema1000.dk/45487/1-large-dyom7RA9Vm.webp"}], "prices": [{"price": 19.95, "price_over_max_quantity": null, "max_quantity": null, "is_advertised": false, "is_campaign": false, "starting_at": "2022-10-20T00:00:00+00:00", "ending_at": "2099-12-31T00:00:00+00:00", "deposit": null, "compare_unit": "kg", "compare_unit_price": 71.25, "consumption_unit": null, "consumption_quantity": null}], "temperature_zone": "frozen_18_degrees_celsius", "is_self_scale_item": false, "is_weight_item": false, "is_available_in_all_stores": true, "is_batch_item": false}
{"id": 454914, "name": "GRØN PIKANT", "underline": "200 GR. / BUKO", "age_limit": null, "hazard_precaution_statements": [], "labels": [], "description": null, "info": "", "images": [{"small": "https://rema-product-images.digital.rema1000.dk/454914/1-small-3MovQ8mmPA.webp", "medium": "https://rema-product-images.digital.rema1000.dk/454914/1-medium-3MovQ8mmPA.webp", "large": "https://rema-product-images.digital.rema1000.dk/454914/1-large-3MovQ8mmPA.webp"}], "prices": [{"price": 26.95, "price_over_max_quantity": null, "max_quantity": null, "is_advertised": false, "is_campaign": false, "starting_at": "2025-01-30T00:00:00+00:00", "ending_at": "2099-12-31T00:00:00+00:00", "deposit": null, "compare_unit": "kg", "compare_unit_price": 134.75, "consumption_unit": null, "consumption_quantity": null}], "temperature_zone": "refrigerated_5_degrees_celsius", "is_self_scale_item": false, "is_weight_item": false, "is_available_in_all_stores": false, "is_batch_item": false}
{"id": 454915, "name": "PIKANT", "underline": "200 GR. / BUKO", "age_limit": null, "hazard_precaution_statements": [], "labels": [], "description": null, "info": "", "images": [{"small": "https://rema-product-images.digital.rema1000.dk/454915/1-small-KpqRvVOkqL.webp", "medium": "https://rema-product-images.digital.rema1000.dk/454915/1-medium-KpqRvVOkqL.webp", "large": "https://rema-product-images.digital.rema1000.dk/454915/1-large-KpqRvVOkqL.webp"}], "prices": [{"price": 26.95, "price_over_max_quantity": null, "max_quantity": null, "is_advertised": false, "is_campaign": false, "starting_at": "2025-01-30T00:00:00+00:00", "ending_at": "2099-12-31T00:00:00+00:00", "deposit": null, "compare_unit": "kg", "compare_unit_price": 134.75, "consumption_unit": null, "consumption_quantity": null}], "temperature_zone": "refrigerated_5_degrees_celsius", "is_self_scale_item": false, "is_weight_item": false, "is_available_in_all_stores": true, "is_batch_item": false}
{"id": 454916, "name": "PEBER", "underline": "125 GR. / BUKO", "age_limit": null, "hazard_precaution_statements": [], "labels": [], "description": null, "info": "", "images": [{"small": "https://rema-product-images.digital.rema1000.dk/454916/1-small-6xqAOABWPD.webp", "medium": "https://rema-product-images.digital.rema1000.dk/454916/1-medium-6xqAOABWPD.webp", "large": "https://rema-product-images.digital.rema1000.dk/454916/1-large-6xqAOABWPD.webp"}], "prices": [{"price": 14.5, "price_over_max_quantity": null, "max_quantity": null, "is_advertised": false, "is_campaign": false, "starting_at": "2025-01-30T00:00:00+00:00", "ending_at": "2099-12-31T00:00:00+00:00", "deposit": null, "compare_unit": "kg", "compare_unit_price": 116, "consumption_unit": null, "consumption_quantity": null}], "temperature_zone": "refrigerated_5_degrees_celsius", "is_self_scale_item": false, "is_weight_item": false, "is_available_in_all_stores": true, "is_batch_item": false}
{"id": 45515, "name": "KANELSNEGLE", "underline": "340 GR. / HATTING", "age_limit": null, "hazard_precaution_statements": [], "labels": [], "description": null, "info": "", "images": [{"small": "https://rema-product-images.digital.rema1000.dk/45515/1-small-KpqR1eyoLz.webp", "medium": "https://rema-product-images.digital.rema1000.dk/45515/1-medium-KpqR1eyoLz.webp", "large": "https://rema-product-images.digital.rema1000.dk/45515/1-large-KpqR1eyoLz.webp"}], "prices": [{"price": 17.95, "price_over_max_quantity": null, "max_quantity": null, "is_advertised": false, "is_campaign": false, "starting_at": "2022-10-20T00:00:00+00:00", "ending_at": "2025-09-13T00:00:00+00:00", "deposit": null, "compare_unit": "kg", "compare_unit_price": 52.79, "consumption_unit": null, "consumption_quantity": null}], "temperature_zone": "frozen_18_degrees_celsius", "is_self_scale_item": false, "is_weight_item": false, "is_available_in_all_stores": true, "is_batch_item": false}
{"id": 45517, "name": "KANELSNEGL GÆRDEJ", "underline": "320 GR. / HATTING", "age_limit": null, "hazard_precaution_statements": [], "labels": [], "description": null, "info": "", "images": [{"small": "https://rema-product-images.digital.rema1000.dk/45517/1-small-Z8qpVr4P3N.webp", "medium": "https://rema-product-images.digital.rema1000.dk/45517/1-medium-Z8qpVr4P3N.webp", "large": "https://rema-product-images.digital.rema1000.dk/45517/1-large-Z8qpVr4P3N.webp"}], "prices": [{"price": 19.95, "price_over_max_quantity": null, "max_quantity": null, "is_advertised": false, "is_campaign": false, "starting_at": "2025-04-08T00:00:00+00:00", "ending_at": "2099-12-31T00:00:00+00:00", "deposit": null, "compare_unit": "kg", "compare_unit_price": 62.34, "consumption_unit": null, "consumption_quantity": null}], "temperature_zone": "frozen_18_degrees_celsius", "is_self_scale_item": false, "is_weight_item": false, "is_available_in_all_stores": true, "is_batch_item": false}
{"id": 455401, "name": "NATUREL FRISKOST", "underline": "200 GR. / ARLA, LACTOFREE", "age_limit": null, "hazard_precaution_statements": [], "labels": [{"id": 37, "name": "Laktose fri", "image": "https://static-assets.digital.rema1000.dk/product/labels/37-64.webp"}], "description": null, "info": "", "images": [{"small": "https://rema-product-images.digital.rema1000.dk/455401/1-small-ElPBY3E19k.webp", "medium": "https://rema-product-images.digital.rema1000.dk/455401/1-medium-ElPBY3E19k.webp", "large": "https://rema-product-images.digital.rema1000.dk/455401/1-large-ElPBY3E19k.webp"}], "prices": [{"price": 16.95, "price_over_max_quantity": null, "max_quantity": null, "is_advertised": false, "is_campaign": false, "starting_at": "2025-01-30T00:00:00+00:00", "ending_at": "2099-12-31T00:00:00+00:00", "deposit": null, "compare_unit": "kg", "compare_unit_price": 84.75, "consumption_unit": null, "consumption_quantity": null}], "temperature_zone": "refrigerated_5_degrees_celsius", "is_self_scale_item": false, "is_weight_item": false, "is_available_in_all_stores": true, "is_batch_item": false}
{"id": 455405, "name": "REVET HÅRD OST", "underline": "100 GR. / AMBROSI, ITALIENSK", "age_limit": null, "hazard_precaution_statements": [], "labels": [], "description": null, "info": "", "images": [{"small": "https://rema-product-images.digital.rema1000.dk/455405/1-small-xQq8arpa9Z.webp", "medium": "https://rema-product-images.digital.rema1000.dk/455405/1-medium-xQq8arpa9Z.webp", "large": "https://rema-product-images.digital.rema1000.dk/455405/1-large-xQq8arpa9Z.webp"}], "prices": [{"price": 15.95, "price_over_max_quantity": null, "max_quantity": null, "is_advertised": false, "is_campaign": false, "starting_at": "2024-11-21T00:00:00+00:00", "ending_at": "2099-12-31T00:00:00+00:00", "deposit": null, "compare_unit": "kg", "compare_unit_price": 159.5, "consumption_unit": null, "consumption_quantity": null}], "temperature_zone": "refrigerated_5_degrees_celsius", "is_self_scale_item": false, "is_weight_item": false, "is_available_in_all_stores": true, "is_batch_item": false}
{"id": 455411, "name": "PARMIGIANO REGGIANO", "underline": "200 GR. / AMBROSI, PARMESAN, LAGRET 24 MDR.", "age_limit": null, "hazard_precaution_statements": [], "labels": [], "description": null, "info": "", "images": [{"small": "https://rema-product-images.digital.rema1000.dk/455411/1-small-A5qVdL4RPa.webp", "medium": "https://rema-product-images.digital.rema1000.dk/455411/1-medium-A5qVdL4RPa.webp", "large": "https://rema-product-images.digital.rema1000.dk/455411/1-large-A5qVdL4RPa.webp"}], "prices": [{"price": 47.95, "price_over_max_quantity": null, "max_quantity": null, "is_advertised": false, "is_campaign": false, "starting_at": "2025-05-22T00:00:00+00:00", "ending_at": "2099-12-31T00:00:00+00:00", "deposit": null, "compare_unit": "kg", "compare_unit_price": 239.75, "consumption_unit": null, "consumption_quantity": null}], "temperature_zone": "refrigerated_5_degrees_celsius", "is_self_scale_item": false, "is_weight_item": false, "is_available_in_all_stores": true, "is_batch_item": false}
{"id": 455418, "name": "GRANA PADANO", "underline": "200 GR. / AMBROSI", "age_limit": null, "hazard_precaution_statements": [], "labels": [], "description": null, "info": "", "images": [{"small": "https://rema-product-images.digital.rema1000.dk/455418/1-small-2B94pnv89k.webp", "medium": "https://rema-product-images.digital.rema1000.dk/455418/1-medium-2B94pnv89k.webp", "large": "https://rema-product-images.digital.rema1000.dk/455418/1-large-2B94pnv89k.webp"}], "prices": [{"price": 37.95, "price_over_max_quantity": null, "max_quantity": null, "is_advertised": false, "is_campaign": false, "starting_at": "2025-05-22T00:00:00+00:00", "ending_at": "2099-12-31T00:00:00+00:00", "deposit": null, "compare_unit": "kg", "compare_unit_price": 189.75, "consumption_unit": null, "consumption_quantity": null}], "temperature_zone": "refrigerated_5_degrees_celsius", "is_self_scale_item": false, "is_weight_item": false, "is_available_in_all_stores": true, "is_batch_item": false}
{"id": 455420, "name": "PORT SALUT 50+", "underline": "150 GR.", "age_limit": null, "hazard_precaution_statements": [], "labels": [], "description": "Fast ost", "info": "", "images": [{"small": "https://rema-product-images.digital.rema1000.dk/455420/1-small-AKqeEzGOqp.webp", "medium": "https://rema-product-images.digital.rema1000.dk/455420/1-medium-AKqeEzGOqp.webp", "large": "https://rema-product-images.digital.rema1000.dk/455420/1-large-AKqeEzGOqp.webp"}], "prices": [{"price": 29.95, "price_over_max_quantity": null, "max_quantity": null, "is_advertised": false, "is_campaign": false, "starting_at": "2023-01-26T00:00:00+00:00", "ending_at": "2099-12-31T00:00:00+00:00", "deposit": null, "compare_unit": "kg", "compare_unit_price": 199.67, "consumption_unit": null, "consumption_quantity": null}], "temperature_zone": "refrigerated_5_degrees_celsius", "is_self_scale_item": false, "is_weight_item": false, "is_available_in_all_stores": false, "is_batch_item": false}
{"id": 455512, "name": "TEX MEX OST", "underline": "150 GR. / VERGEER", "age_limit": null, "hazard_precaution_statements": [], "labels": [], "description": null, "info": "", "images": [{"small": "https://rema-product-images.digital.rema1000.dk/455512/1-small-18oXgQdEPk.webp", "medium": "https://rema-product-images.digital.rema1000.dk/455512/1-medium-18oXgQdEPk.webp", "large": "https://rema-product-images.digital.rema1000.dk/455512/1-large-18oXgQdEPk.webp"}], "prices": [{"price": 15.95, "price_over_max_quantity": null, "max_quantity": null, "is_advertised": false, "is_campaign": false, "starting_at": "2025-02-27T00:00:00+00:00", "ending_at": "2025-09-06T00:00:00+00:00", "deposit": null, "compare_unit": "kg", "compare_unit_price": 106.33, "consumption_unit": null, "consumption_quantity": null}], "temperature_zone": "refrigerated_5_degrees_celsius", "is_self_scale_item": false, "is_weight_item": false, "is_available_in_all_stores": false, "is_batch_item": false}
{"id": 455513, "name": "MOZZARELLA 13%", "underline": "150 GR. / CHEASY, REVET", "age_limit": null, "hazard_precaution_statements": [], "labels": [{"id": 40, "name": "Nøglehul", "image": "https://static-assets.digital.rema1000.dk/product/labels/40-64.webp"}], "description": null, "info": "", "images": [{"small": "https://rema-product-images.digital.rema1000.dk/455513/1-small-wyPbLpGWqE.webp", "medium": "https://rema-product-images.digital.rema1000.dk/455513/1-medium-wyPbLpGWqE.webp", "large": "https://rema-product-images.digital.rema1000.dk/455513/1-large-wyPbLpGWqE.webp"}], "prices": [{"price": 19.95, "price_over_max_quantity": null, "max_quantity": null, "is_advertised": false, "is_campaign": false, "starting_at": "2025-01-30T00:00:00+00:00", "ending_at": "2025-09-03T00:00:00+00:00", "deposit": null, "compare_unit": "kg", "compare_unit_price": 133, "consumption_unit": null, "consumption_quantity": null}], "temperature_zone": "refrigerated_5_degrees_celsius", "is_self_scale_item": false, "is_weight_item": false, "is_available_in_all_stores": true, "is_batch_item": false}
{"id": 455529, "name": "MOZZARELLA I TERN", "underline": "150 GR. / KAROLINES KØKKEN", "age_limit": null, "hazard_precaution_statements": [], "labels": [], "description": null, "info": "", "images": [{"small": "https://rema-product-images.digital.rema1000.dk/455529/1-small-pYqx2Dz5P1.webp", "medium": "https://rema-product-images.digital.rema1000.dk/455529/1-medium-pYqx2Dz5P1.webp", "large": "https://rema-product-images.digital.rema1000.dk/455529/1-large-pYqx2Dz5P1.webp"}], "prices": [{"price": 22.5, "price_over_max_quantity": null, "max_quantity": null, "is_advertised": false, "is_campaign": false, "starting_at": "2025-03-04T00:00:00+00:00", "ending_at": "2025-09-03T00:00:00+00:00", "deposit": null, "compare_unit": "kg", "compare_unit_price": 150, "consumption_unit": null, "consumption_quantity": null}], "temperature_zone": "refrigerated_5_degrees_celsius", "is_self_scale_item": false, "is_weight_item": false, "is_available_in_all_stores": true, "is_batch_item": false}
{"id": 455531, "name": "REVET MOZZARELLA OST", "underline": "140 GR. / KAROLINES KØKKEN, ØKOLOGISK", "age_limit": null, "hazard_precaution_statements": [], "labels": [{"id": 5, "name": "Økologi", "image": "https://static-assets.digital.rema1000.dk/product/labels/5-64.webp"}, {"id": 6, "name": "Økologi", "image": "https://static-assets.digital.rema1000.dk/product/labels/6-64.webp"}], "description": null, "info": "", "images": [{"small": "https://rema-product-images.digital.rema1000.dk/455531/1-small-01q27wEv97.webp", "medium": "https://rema-product-images.digital.rema1000.dk/455531/1-medium-01q27wEv97.webp", "large": "https://rema-product-images.digital.rema1000.dk/455531/1-large-01q27wEv97.webp"}], "prices": [{"price": 19.95, "price_over_max_quantity": null, "max_quantity": null, "is_advertised": false, "is_campaign": false, "starting_at": "2025-06-02T00:00:00+00:00", "ending_at": "2025-08-23T00:00:00+00:00", "deposit": null, "compare_unit": "kg", "compare_unit_price": 142.5, "consumption_unit": null, "consumption_quantity": null}], "temperature_zone": "refrigerated_5_degrees_celsius", "is_self_scale_item": false, "is_weight_item": false, "is_available_in_all_stores": true, "is_batch_item": false}
{"id": 455585, "name": "CHEDDAR OST", "underline": "150 GR. / VERGEER", "age_limit": null, "hazard_precaution_statements": [], "labels": [], "description": null, "info": "", "images": [{"small": "https://rema-product-images.digital.rema1000.dk/455585/1-small-we9Emdx69g.webp", "medium": "https://rema-product-images.digital.rema1000.dk/455585/1-medium-we9Emdx69g.webp", "large": "https://rema-product-images.digital.rema1000.dk/455585/1-large-we9Emdx69g.webp"}], "prices": [{"price": 15.95, "price_over_max_quantity": null, "max_quantity": null, "is_advertised": false, "is_campaign": false, "starting_at": "2025-02-27T00:00:00+00:00", "ending_at": "2025-09-06T00:00:00+00:00", "deposit": null, "compare_unit": "kg", "compare_unit_price": 106.33, "consumption_unit": null, "consumption_quantity": null}], "temperature_zone": "refrigerated_5_degrees_celsius", "is_self_scale_item": false, "is_weight_item": false, "is_available_in_all_stores": true, "is_batch_item": false}
{"id": 455636, "name": "SALATOST TERN 45+", "underline": "325 GR. / REMA 1000", "age_limit": null, "hazard_precaution_statements": [], "labels": [{"id": 2, "name": "REMA1000", "image": "https://static-assets.digital.rema1000.dk/product/labels/2-64.webp"}, {"id": 70, "name": "Dansk", "image": "https://static-assets.digital.rema1000.dk/product/labels/70-64.webp"}], "description": "<b>Discount med holdning</b><br />I REMA 1000 har vi fokus på kvalitet til lave priser og overskriften på vores arbejde er Discount med holdning.<br /> <br />Vi har en klar holdning til alle de varer, vi sælger. Vi stiller ikke kun krav til kvaliteten af vores egne mærkevarer – det er også vigtigt for os, at emballagerne er designet til genanvendelse, at indholdet er uden problematiske stoffer, og at varerne er produceret ansvarligt samt mærket med tydelige og valide certificeringer.<br /><br /><b>Om denne vare</b><br />﻿REMA 1000 salatost i tern en mild, cremet og blød middelhavsinspireret ost, som er god til bl.a. tærte, salat eller græske frikadeller.<br /><br />Vores REMA 1000 salatost er en 45+ salatost med 17% fedt.", "info": "", "images": [{"small": "https://rema-product-images.digital.rema1000.dk/455636/1-small-7doLOGG1P6.webp", "medium": "https://rema-product-images.digital.rema1000.dk/455636/1-medium-7doLOGG1P6.webp", "large": "https://rema-product-images.digital.rema1000.dk/455636/1-large-7doLOGG1P6.webp"}], "prices": [{"price": 25.95, "price_over_max_quantity": null, "max_quantity": null, "is_advertised": false, "is_campaign": false, "starting_at": "2025-01-30T00:00:00+00:00", "ending_at": "2099-12-31T00:00:00+00:00", "deposit": null, "compare_unit": "kg", "compare_unit_price": 79.85, "consumption_unit": null, "consumption_quantity": null}], "temperature_zone": "refrigerated_5_degrees_celsius", "is_self_scale_item": false, "is_weight_item": false, "is_available_in_all_stores": true, "is_batch_item": false}
{"id": 455642, "name": "TAVERNA GRILLOST", "underline": "250 GR. / HEAT & EAT", "age_limit": null, "hazard_precaution_statements": [], "labels": [], "description": null, "info": "", "images": [{"small": "https://rema-product-images.digital.rema1000.dk/455642/1-small-A4Py2mmRoL.webp", "medium": "https://rema-product-images.digital.rema1000.dk/455642/1-medium-A4Py2mmRoL.webp", "large": "https://rema-product-images.digital.rema1000.dk/455642/1-large-A4Py2mmRoL.webp"}], "prices": [{"price": 22.95, "price_over_max_quantity": null, "max_quantity": null, "is_advertised": false, "is_campaign": false, "starting_at": "2022-09-29T00:00:00+00:00", "ending_at": "2099-12-31T00:00:00+00:00", "deposit": null, "compare_unit": "kg", "compare_unit_price": 91.8, "consumption_unit": null, "consumption_quantity": null}], "temperature_zone": "refrigerated_5_degrees_celsius", "is_self_scale_item": false, "is_weight_item": false, "is_available_in_all_stores": false, "is_batch_item": false}
{"id": 455645, "name": "SALATOST", "underline": "100 GR. / TAVERNA, KRYDDERMARINERET", "age_limit": null, "hazard_precaution_statements": [], "labels": [], "description": null, "info": "", "images": [{"small": "https://rema-product-images.digital.rema1000.dk/455645/1-small-ElPBY33b9k.webp", "medium": "https://rema-product-images.digital.rema1000.dk/455645/1-medium-ElPBY33b9k.webp", "large": "https://rema-product-images.digital.rema1000.dk/455645/1-large-ElPBY33b9k.webp"}], "prices": [{"price": 12.5, "price_over_max_quantity": null, "max_quantity": null, "is_advertised": false, "is_campaign": false, "starting_at": "2025-03-27T00:00:00+00:00", "ending_at": "2025-08-30T00:00:00+00:00", "deposit": null, "compare_unit": "kg", "compare_unit_price": 125, "consumption_unit": null, "consumption_quantity": null}], "temperature_zone": "refrigerated_5_degrees_celsius", "is_self_scale_item": false, "is_weight_item": false, "is_available_in_all_stores": true, "is_batch_item": false}
{"id": 455656, "name": "PUCK", "underline": "200 GR. / HVID OST", "age_limit": null, "hazard_precaution_statements": [], "labels": [], "description": null, "info": "", "images": [{"small": "https://rema-product-images.digital.rema1000.dk/455656/1-small-18oXgQQ7Pk.webp", "medium": "https://rema-product-images.digital.rema1000.dk/455656/1-medium-18oXgQQ7Pk.webp", "large": "https://rema-product-images.digital.rema1000.dk/455656/1-large-18oXgQQ7Pk.webp"}], "prices": [{"price": 19.5, "price_over_max_quantity": null, "max_quantity": null, "is_advertised": false, "is_campaign": false, "starting_at": "2025-01-30T00:00:00+00:00", "ending_at": "2099-12-31T00:00:00+00:00", "deposit": null, "compare_unit": "kg", "compare_unit_price": 97.5, "consumption_unit": null, "consumption_quantity": null}], "temperature_zone": "refrigerated_5_degrees_celsius", "is_self_scale_item": false, "is_weight_item": false, "is_available_in_all_stores": false, "is_batch_item": false}
{"id": 455657, "name": "SALATOST TERN", "underline": "200 GR. / KAROLINES KØKKEN, PERSILLE & HVIDLØG,", "age_limit": null, "hazard_precaution_statements": [], "labels": [], "description": null, "info": "", "images": [{"small": "https://rema-product-images.digital.rema1000.dk/455657/1-small-wyPbLppgqE.webp", "medium": "https://rema-product-images.digital.rema1000.dk/455657/1-medium-wyPbLppgqE.webp", "large": "https://rema-product-images.digital.rema1000.dk/455657/1-large-wyPbLppgqE.webp"}], "prices": [{"price": 24.95, "price_over_max_quantity": null, "max_quantity": null, "is_advertised": false, "is_campaign": false, "starting_at": "2025-01-30T00:00:00+00:00", "ending_at": "2099-12-31T00:00:00+00:00", "deposit": null, "compare_unit": "kg", "compare_unit_price": 124.75, "consumption_unit": null, "consumption_quantity": null}], "temperature_zone": "refrigerated_5_degrees_celsius", "is_self_scale_item": false, "is_weight_item": false, "is_available_in_all_stores": false, "is_batch_item": false}
{"id": 455672, "name": "SALATOST TERN 3%", "underline": "200 GR. / CHEASY", "age_limit": null, "hazard_precaution_statements": [], "labels": [{"id": 70, "name": "Dansk", "image": "https://static-assets.digital.rema1000.dk/product/labels/70-64.webp"}], "description": null, "info": "", "images": [{"small": "https://rema-product-images.digital.rema1000.dk/455672/1-small-xyqaGL2xPD.webp", "medium": "https://rema-product-images.digital.rema1000.dk/455672/1-medium-xyqaGL2xPD.webp", "large": "https://rema-product-images.digital.rema1000.dk/455672/1-large-xyqaGL2xPD.webp"}], "prices": [{"price": 22.95, "price_over_max_quantity": null, "max_quantity": null, "is_advertised": false, "is_campaign": false, "starting_at": "2025-01-30T00:00:00+00:00", "ending_at": "2099-12-31T00:00:00+00:00", "deposit": null, "compare_unit": "kg", "compare_unit_price": 114.75, "consumption_unit": null, "consumption_quantity": null}], "temperature_zone": "refrigerated_5_degrees_celsius", "is_self_scale_item": false, "is_weight_item": false, "is_available_in_all_stores": false, "is_batch_item": false}
{"id": 457245, "name": "RØGEOST", "underline": "175 GR. / THRANE'S GAMLE MEJERI, SKUMMETMÆLK", "age_limit": null, "hazard_precaution_statements": [], "labels": [], "description": null, "info": "", "images": [{"small": "https://rema-product-images.digital.rema1000.dk/457245/1-small-ElPBYKpW9k.webp", "medium": "https://rema-product-images.digital.rema1000.dk/457245/1-medium-ElPBYKpW9k.webp", "large": "https://rema-product-images.digital.rema1000.dk/457245/1-large-ElPBYKpW9k.webp"}], "prices": [{"price": 16.95, "price_over_max_quantity": null, "max_quantity": null, "is_advertised": false, "is_campaign": false, "starting_at": "2025-01-16T00:00:00+00:00", "ending_at": "2025-09-13T00:00:00+00:00", "deposit": null, "compare_unit": "kg", "compare_unit_price": 96.86, "consumption_unit": null, "consumption_quantity": null}], "temperature_zone": "refrigerated_5_degrees_celsius", "is_self_scale_item": false, "is_weight_item": false, "is_available_in_all_stores": false, "is_batch_item": false}
{"id": 458228, "name": "OSTEHAPS 18 STK.", "underline": "324 GR. / LILLEBROR", "age_limit": null, "hazard_precaution_statements": [], "labels": [], "description": null, "info": "", "images": [{"small": "https://rema-product-images.digital.rema1000.dk/458228/1-small-xyqaG2kAPD.webp", "medium": "https://rema-product-images.digital.rema1000.dk/458228/1-medium-xyqaG2kAPD.webp", "large": "https://rema-product-images.digital.rema1000.dk/458228/1-large-xyqaG2kAPD.webp"}], "prices": [{"price": 39.95, "price_over_max_quantity": null, "max_quantity": null, "is_advertised": false, "is_campaign": false, "starting_at": "2025-01-30T00:00:00+00:00", "ending_at": "2025-08-30T00:00:00+00:00", "deposit": null, "compare_unit": "kg", "compare_unit_price": 123.3, "consumption_unit": null, "consumption_quantity": null}], "temperature_zone": "refrigerated_5_degrees_celsius", "is_self_scale_item": false, "is_weight_item": false, "is_available_in_all_stores": true, "is_batch_item": false}
{"id": 458229, "name": "OSTEHAPS 12 STK.", "underline": "216 GR. / LILLEBROR, ØKOLOGISK", "age_limit": null, "hazard_precaution_statements": [], "labels": [{"id": 6, "name": "Økologi", "image": "https://static-assets.digital.rema1000.dk/product/labels/6-64.webp"}], "description": null, "info": "", "images": [{"small": "https://rema-product-images.digital.rema1000.dk/458229/1-small-pYqx2RkGP1.webp", "medium": "https://rema-product-images.digital.rema1000.dk/458229/1-medium-pYqx2RkGP1.webp", "large": "https://rema-product-images.digital.rema1000.dk/458229/1-large-pYqx2RkGP1.webp"}], "prices": [{"price": 32.95, "price_over_max_quantity": null, "max_quantity": null, "is_advertised": false, "is_campaign": false, "starting_at": "2025-01-30T00:00:00+00:00", "ending_at": "2099-12-31T00:00:00+00:00", "deposit": null, "compare_unit": "kg", "compare_unit_price": 152.55, "consumption_unit": null, "consumption_quantity": null}], "temperature_zone": "refrigerated_5_degrees_celsius", "is_self_scale_item": false, "is_weight_item": false, "is_available_in_all_stores": false, "is_batch_item": false}
{"id": 458232, "name": "LILLEBROR OST 45+", "underline": "200 GR. / ØKO., I SKIVER", "age_limit": null, "hazard_precaution_statements": [], "labels": [{"id": 6, "name": "Økologi", "image": "https://static-assets.digital.rema1000.dk/product/labels/6-64.webp"}], "description": null, "info": "", "images": [{"small": "https://rema-product-images.digital.rema1000.dk/458232/1-small-nDPWrYdY9W.webp", "medium": "https://rema-product-images.digital.rema1000.dk/458232/1-medium-nDPWrYdY9W.webp", "large": "https://rema-product-images.digital.rema1000.dk/458232/1-large-nDPWrYdY9W.webp"}], "prices": [{"price": 32.95, "price_over_max_quantity": null, "max_quantity": null, "is_advertised": false, "is_campaign": false, "starting_at": "2025-01-30T00:00:00+00:00", "ending_at": "2099-12-31T00:00:00+00:00", "deposit": null, "compare_unit": "kg", "compare_unit_price": 164.75, "consumption_unit": null, "consumption_quantity": null}], "temperature_zone": "refrigerated_5_degrees_celsius", "is_self_scale_item": false, "is_weight_item": false, "is_available_in_all_stores": true, "is_batch_item": false}
{"id": 458244, "name": "CHEEZ DIPPERS", "underline": "175 GR. / NATUREL", "age_limit": null, "hazard_precaution_statements": [], "labels": [], "description": null, "info": "", "images": [{"small": "https://rema-product-images.digital.rema1000.dk/458244/1-small-xePw0vN8ow.webp", "medium": "https://rema-product-images.digital.rema1000.dk/458244/1-medium-xePw0vN8ow.webp", "large": "https://rema-product-images.digital.rema1000.dk/458244/1-large-xePw0vN8ow.webp"}], "prices": [{"price": 29.95, "price_over_max_quantity": null, "max_quantity": null, "is_advertised": false, "is_campaign": false, "starting_at": "2023-01-26T00:00:00+00:00", "ending_at": "2025-08-30T00:00:00+00:00", "deposit": null, "compare_unit": "kg", "compare_unit_price": 171.14, "consumption_unit": null, "consumption_quantity": null}], "temperature_zone": "refrigerated_5_degrees_celsius", "is_self_scale_item": false, "is_weight_item": false, "is_available_in_all_stores": false, "is_batch_item": false}
{"id": 458278, "name": "SMØREOST 8/8", "underline": "140 GR. / PRÉSIDENT", "age_limit": null, "hazard_precaution_statements": [], "labels": [], "description": null, "info": "", "images": [{"small": "https://rema-product-images.digital.rema1000.dk/458278/1-small-yLqGBvkrod.webp", "medium": "https://rema-product-images.digital.rema1000.dk/458278/1-medium-yLqGBvkrod.webp", "large": "https://rema-product-images.digital.rema1000.dk/458278/1-large-yLqGBvkrod.webp"}], "prices": [{"price": 15.95, "price_over_max_quantity": null, "max_quantity": null, "is_advertised": false, "is_campaign": false, "starting_at": "2025-01-30T00:00:00+00:00", "ending_at": "2099-12-31T00:00:00+00:00", "deposit": null, "compare_unit": "kg", "compare_unit_price": 113.93, "consumption_unit": null, "consumption_quantity": null}], "temperature_zone": "refrigerated_5_degrees_celsius", "is_self_scale_item": false, "is_weight_item": false, "is_available_in_all_stores": false, "is_batch_item": false}
{"id": 458289, "name": "CHEDDAR", "underline": "250 GR. / BLUE CHAPEL, LAGRET", "age_limit": null, "hazard_precaution_statements": [], "labels": [], "description": null, "info": "", "images": [{"small": "https://rema-product-images.digital.rema1000.dk/458289/1-small-ElPBYKkl9k.webp", "medium": "https://rema-product-images.digital.rema1000.dk/458289/1-medium-ElPBYKkl9k.webp", "large": "https://rema-product-images.digital.rema1000.dk/458289/1-large-ElPBYKkl9k.webp"}], "prices": [{"price": 27.95, "price_over_max_quantity": null, "max_quantity": null, "is_advertised": false, "is_campaign": false, "starting_at": "2025-06-19T00:00:00+00:00", "ending_at": "2099-12-31T00:00:00+00:00", "deposit": null, "compare_unit": "kg", "compare_unit_price": 111.8, "consumption_unit": null, "consumption_quantity": null}], "temperature_zone": "refrigerated_5_degrees_celsius", "is_self_scale_item": false, "is_weight_item": false, "is_available_in_all_stores": true, "is_batch_item": false}
{"id": 458291, "name": "MILD CHEDDAR", "underline": "200 GR. / BLUE CHAPEL", "age_limit": null, "hazard_precaution_statements": [], "labels": [], "description": null, "info": "", "images": [{"small": "https://rema-product-images.digital.rema1000.dk/458291/1-small-3MoMgOkk95.webp", "medium": "https://rema-product-images.digital.rema1000.dk/458291/1-medium-3MoMgOkk95.webp", "large": "https://rema-product-images.digital.rema1000.dk/458291/1-large-3MoMgOkk95.webp"}], "prices": [{"price": 24.95, "price_over_max_quantity": null, "max_quantity": null, "is_advertised": false, "is_campaign": false, "starting_at": "2025-06-19T00:00:00+00:00", "ending_at": "2099-12-31T00:00:00+00:00", "deposit": null, "compare_unit": "kg", "compare_unit_price": 124.75, "consumption_unit": null, "consumption_quantity": null}], "temperature_zone": "refrigerated_5_degrees_celsius", "is_self_scale_item": false, "is_weight_item": false, "is_available_in_all_stores": true, "is_batch_item": false}
{"id": 460029, "name": "REMOULADE", "underline": "230 GR. / REMA 1000", "age_limit": null, "hazard_precaution_statements": [], "labels": [{"id": 2, "name": "REMA1000", "image": "https://static-assets.digital.rema1000.dk/product/labels/2-64.webp"}, {"id": 5, "name": "Økologi", "image": "https://static-assets.digital.rema1000.dk/product/labels/5-64.webp"}], "description": "<b>Discount med holdning</b><br />I REMA 1000 har vi fokus på kvalitet til lave priser og overskriften på vores arbejde er Discount med holdning.<br />  <br />Vi har en klar holdning til alle de varer, vi sælger. Vi stiller ikke kun krav til kvaliteten af vores egne mærkevarer – det er også vigtigt for os, at emballagerne er designet til genanvendelse, at indholdet er uden problematiske stoffer, og at varerne er produceret ansvarligt samt mærket med tydelige og valide certificeringer.<br /><br /><b>Om denne vare</b><br />REMA 1000 økologisk remoulade smager lige som en remoulade skal, og er god til madpakken eller det klassiske danske frokostbord. Fx på et lækkert stykke rugbrød med fiskefilet og fiskefrikadeller.", "info": "", "images": [{"small": "https://rema-product-images.digital.rema1000.dk/460029/1-small-pYqx2yWJP1.webp", "medium": "https://rema-product-images.digital.rema1000.dk/460029/1-medium-pYqx2yWJP1.webp", "large": "https://rema-product-images.digital.rema1000.dk/460029/1-large-pYqx2yWJP1.webp"}], "prices": [{"price": 16.5, "price_over_max_quantity": null, "max_quantity": null, "is_advertised": false, "is_campaign": false, "starting_at": "2025-07-31T00:00:00+00:00", "ending_at": "2099-12-31T00:00:00+00:00", "deposit": null, "compare_unit": "kg", "compare_unit_price": 71.74, "consumption_unit": null, "consumption_quantity": null}], "temperature_zone": null, "is_self_scale_item": false, "is_weight_item": false, "is_available_in_all_stores": true, "is_batch_item": false}
{"id": 460031, "name": "DIJONNAISE", "underline": "225 GR. / BÄHNCKE", "age_limit": null, "hazard_precaution_statements": [], "labels": [], "description": null, "info": "", "images": [{"small": "https://rema-product-images.digital.rema1000.dk/460031/1-small-01q27yYd97.webp", "medium": "https://rema-product-images.digital.rema1000.dk/460031/1-medium-01q27yYd97.webp", "large": "https://rema-product-images.digital.rema1000.dk/460031/1-large-01q27yYd97.webp"}], "prices": [{"price": 15, "price_over_max_quantity": null, "max_quantity": null, "is_advertised": false, "is_campaign": false, "starting_at": "2025-08-07T00:00:00+00:00", "ending_at": "2025-11-15T00:00:00+00:00", "deposit": null, "compare_unit": "kg", "compare_unit_price": 66.67, "consumption_unit": null, "consumption_quantity": null}], "temperature_zone": null, "is_self_scale_item": false, "is_weight_item": false, "is_available_in_all_stores": true, "is_batch_item": true}
{"id": 460035, "name": "CAFÉ MAYO", "underline": "400 GR. / GRAASTEN", "age_limit": null, "hazard_precaution_statements": [], "labels": [], "description": null, "info": "", "images": [{"small": "https://rema-product-images.digital.rema1000.dk/460035/1-small-Gb9kJXdpq7.webp", "medium": "https://rema-product-images.digital.rema1000.dk/460035/1-medium-Gb9kJXdpq7.webp", "large": "https://rema-product-images.digital.rema1000.dk/460035/1-large-Gb9kJXdpq7.webp"}], "prices": [{"price": 19.95, "price_over_max_quantity": null, "max_quantity": null, "is_advertised": false, "is_campaign": false, "starting_at": "2025-01-09T00:00:00+00:00", "ending_at": "2025-08-30T00:00:00+00:00", "deposit": null, "compare_unit": "kg", "compare_unit_price": 49.88, "consumption_unit": null, "consumption_quantity": null}], "temperature_zone": null, "is_self_scale_item": false, "is_weight_item": false, "is_available_in_all_stores": true, "is_batch_item": false}
{"id": 460043, "name": "ØKOLOGISK MAYONNAISE", "underline": "245 GR. / REMA 1000", "age_limit": null, "hazard_precaution_statements": [], "labels": [{"id": 2, "name": "REMA1000", "image": "https://static-assets.digital.rema1000.dk/product/labels/2-64.webp"}, {"id": 5, "name": "Økologi", "image": "https://static-assets.digital.rema1000.dk/product/labels/5-64.webp"}, {"id": 6, "name": "Økologi", "image": "https://static-assets.digital.rema1000.dk/product/labels/6-64.webp"}], "description": null, "info": "", "images": [{"small": "https://rema-product-images.digital.rema1000.dk/460043/1-small-dyom6v37qV.webp", "medium": "https://rema-product-images.digital.rema1000.dk/460043/1-medium-dyom6v37qV.webp", "large": "https://rema-product-images.digital.rema1000.dk/460043/1-large-dyom6v37qV.webp"}], "prices": [{"price": 16.5, "price_over_max_quantity": null, "max_quantity": null, "is_advertised": false, "is_campaign": false, "starting_at": "2025-07-31T00:00:00+00:00", "ending_at": "2099-12-31T00:00:00+00:00", "deposit": null, "compare_unit": "kg", "compare_unit_price": 67.35, "consumption_unit": null, "consumption_quantity": null}], "temperature_zone": null, "is_self_scale_item": false, "is_weight_item": false, "is_available_in_all_stores": true, "is_batch_item": false}
{"id": 460107, "name": "REMOULADE LIGHT", "underline": "400 GR. / REMA 1000", "age_limit": null, "hazard_precaution_statements": [], "labels": [{"id": 2, "name": "REMA1000", "image": "https://static-assets.digital.rema1000.dk/product/labels/2-64.webp"}], "description": "<b>Discount med holdning</b><br />I REMA 1000 har vi fokus på kvalitet til lave priser og overskriften på vores arbejde er Discount med holdning.<br />  <br />Vi har en klar holdning til alle de varer, vi sælger. Vi stiller ikke kun krav til kvaliteten af vores egne mærkevarer – det er også vigtigt for os, at emballagerne er designet til genanvendelse, at indholdet er uden problematiske stoffer, og at varerne er produceret ansvarligt samt mærket med tydelige og valide certificeringer.<br /><br /><b>Om denne vare</b><br />REMA 1000 remoulade light er god til madpakken eller det klassiske danske frokostbord. Fx på et lækkert stykke rugbrød med roastbeef. Denne remoulade indeholder desuden ca. 50% mindre fedt end alm. remoulade.", "info": "", "images": [{"small": "https://rema-product-images.digital.rema1000.dk/460107/1-small-v09g37pG9A.webp", "medium": "https://rema-product-images.digital.rema1000.dk/460107/1-medium-v09g37pG9A.webp", "large": "https://rema-product-images.digital.rema1000.dk/460107/1-large-v09g37pG9A.webp"}], "prices": [{"price": 11.95, "price_over_max_quantity": null, "max_quantity": null, "is_advertised": false, "is_campaign": false, "starting_at": "2024-06-27T00:00:00+00:00", "ending_at": "2099-12-31T00:00:00+00:00", "deposit": null, "compare_unit": "kg", "compare_unit_price": 29.88, "consumption_unit": null, "consumption_quantity": null}], "temperature_zone": null, "is_self_scale_item": false, "is_weight_item": false, "is_available_in_all_stores": true, "is_batch_item": false}
{"id": 460108, "name": "ÆGTE MAYONNAISE", "underline": "150 GR. / GRAASTEN", "age_limit": null, "hazard_precaution_statements": [], "labels": [], "description": null, "info": "", "images": [{"small": "https://rema-product-images.digital.rema1000.dk/460108/1-small-NpP7rxLE9O.webp", "medium": "https://rema-product-images.digital.rema1000.dk/460108/1-medium-NpP7rxLE9O.webp", "large": "https://rema-product-images.digital.rema1000.dk/460108/1-large-NpP7rxLE9O.webp"}], "prices": [{"price": 14.95, "price_over_max_quantity": null, "max_quantity": null, "is_advertised": false, "is_campaign": false, "starting_at": "2024-01-04T00:00:00+00:00", "ending_at": "2025-10-01T00:00:00+00:00", "deposit": null, "compare_unit": "kg", "compare_unit_price": 99.67, "consumption_unit": null, "consumption_quantity": null}], "temperature_zone": null, "is_self_scale_item": false, "is_weight_item": false, "is_available_in_all_stores": true, "is_batch_item": false}
{"id": 460109, "name": "MAYONNAISE LIGHT", "underline": "400 GR. / REMA 1000", "age_limit": null, "hazard_precaution_statements": [], "labels": [{"id": 2, "name": "REMA1000", "image": "https://static-assets.digital.rema1000.dk/product/labels/2-64.webp"}], "description": "<b>Discount med holdning</b><br />I REMA 1000 har vi fokus på kvalitet til lave priser og overskriften på vores arbejde er Discount med holdning.<br />  <br />Vi har en klar holdning til alle de varer, vi sælger. Vi stiller ikke kun krav til kvaliteten af vores egne mærkevarer – det er også vigtigt for os, at emballagerne er designet til genanvendelse, at indholdet er uden problematiske stoffer, og at varerne er produceret ansvarligt samt mærket med tydelige og valide certificeringer.<br /><br /><b>Om denne vare</b><br />REMA 1000 mayonnaise light er god til madpakken eller det klassiske danske frokostbord. Fx på en god reje- og avocado-mad. Denne mayonnaise indeholder desuden ca. 50% mindre fedt end alm. mayonnaise.", "info": "", "images": [{"small": "https://rema-product-images.digital.rema1000.dk/460109/1-small-aboKgvn8op.webp", "medium": "https://rema-product-images.digital.rema1000.dk/460109/1-medium-aboKgvn8op.webp", "large": "https://rema-product-images.digital.rema1000.dk/460109/1-large-aboKgvn8op.webp"}], "prices": [{"price": 11.95, "price_over_max_quantity": null, "max_quantity": null, "is_advertised": false, "is_campaign": false, "starting_at": "2024-06-27T00:00:00+00:00", "ending_at": "2099-12-31T00:00:00+00:00", "deposit": null, "compare_unit": "kg", "compare_unit_price": 29.88, "consumption_unit": null, "consumption_quantity": null}], "temperature_zone": null, "is_self_scale_item": false, "is_weight_item": false, "is_available_in_all_stores": true, "is_batch_item": false}
{"id": 460208, "name": "ORIGINAL REMOULADE", "underline": "150 GR. / GRAASTEN", "age_limit": null, "hazard_precaution_statements": [], "labels": [], "description": null, "info": "", "images": [{"small": "https://rema-product-images.digital.rema1000.dk/460208/1-small-NpP7rxa29O.webp", "medium": "https://rema-product-images.digital.rema1000.dk/460208/1-medium-NpP7rxa29O.webp", "large": "https://rema-product-images.digital.rema1000.dk/460208/1-large-NpP7rxa29O.webp"}], "prices": [{"price": 14.95, "price_over_max_quantity": null, "max_quantity": null, "is_advertised": false, "is_campaign": false, "starting_at": "2024-01-04T00:00:00+00:00", "ending_at": "2025-10-01T00:00:00+00:00", "deposit": null, "compare_unit": "kg", "compare_unit_price": 99.67, "consumption_unit": null, "consumption_quantity": null}], "temperature_zone": null, "is_self_scale_item": false, "is_weight_item": false, "is_available_in_all_stores": true, "is_batch_item": false}
{"id": 46101, "name": "SURDEJSBOLLER, STENSOVNSBAGTE", "underline": "420 GR. / HATTING", "age_limit": null, "hazard_precaution_statements": [], "labels": [], "description": null, "info": "", "images": [{"small": "https://rema-product-images.digital.rema1000.dk/46101/1-small-ElPBy7J9kG.webp", "medium": "https://rema-product-images.digital.rema1000.dk/46101/1-medium-ElPBy7J9kG.webp", "large": "https://rema-product-images.digital.rema1000.dk/46101/1-large-ElPBy7J9kG.webp"}], "prices": [{"price": 22.95, "price_over_max_quantity": null, "max_quantity": null, "is_advertised": false, "is_campaign": false, "starting_at": "2024-07-19T00:00:00+00:00", "ending_at": "2025-09-13T00:00:00+00:00", "deposit": null, "compare_unit": "kg", "compare_unit_price": 54.64, "consumption_unit": null, "consumption_quantity": null}], "temperature_zone": "frozen_18_degrees_celsius", "is_self_scale_item": false, "is_weight_item": false, "is_available_in_all_stores": false, "is_batch_item": false}
{"id": 46190, "name": "HAVRESTYKKE", "underline": "510 GR. / REMA 1000, ØKO.", "age_limit": null, "hazard_precaution_statements": [], "labels": [{"id": 2, "name": "REMA1000", "image": "https://static-assets.digital.rema1000.dk/product/labels/2-64.webp"}, {"id": 5, "name": "Økologi", "image": "https://static-assets.digital.rema1000.dk/product/labels/5-64.webp"}, {"id": 6, "name": "Økologi", "image": "https://static-assets.digital.rema1000.dk/product/labels/6-64.webp"}, {"id": 40, "name": "Nøglehul", "image": "https://static-assets.digital.rema1000.dk/product/labels/40-64.webp"}, {"id": 43, "name": "Fuldkorn", "image": "https://static-assets.digital.rema1000.dk/product/labels/43-64.webp"}], "description": "Økologiske havrestykker med fuldkorn ", "info": "", "images": [{"small": "https://rema-product-images.digital.rema1000.dk/46190/1-small-kAonK6aqx8.webp", "medium": "https://rema-product-images.digital.rema1000.dk/46190/1-medium-kAonK6aqx8.webp", "large": "https://rema-product-images.digital.rema1000.dk/46190/1-large-kAonK6aqx8.webp"}], "prices": [{"price": 19.95, "price_over_max_quantity": null, "max_quantity": null, "is_advertised": false, "is_campaign": false, "starting_at": "2022-10-20T00:00:00+00:00", "ending_at": "2025-09-06T00:00:00+00:00", "deposit": null, "compare_unit": "kg", "compare_unit_price": 39.12, "consumption_unit": null, "consumption_quantity": null}], "temperature_zone": "frozen_18_degrees_celsius", "is_self_scale_item": false, "is_weight_item": false, "is_available_in_all_stores": true, "is_batch_item": false}
{"id": 46191, "name": "SPELTSTYKKE", "underline": "420 GR. / REMA 1000, ØKO.", "age_limit": null, "hazard_precaution_statements": [], "labels": [{"id": 2, "name": "REMA1000", "image": "https://static-assets.digital.rema1000.dk/product/labels/2-64.webp"}, {"id": 5, "name": "Økologi", "image": "https://static-assets.digital.rema1000.dk/product/labels/5-64.webp"}, {"id": 6, "name": "Økologi", "image": "https://static-assets.digital.rema1000.dk/product/labels/6-64.webp"}, {"id": 40, "name": "Nøglehul", "image": "https://static-assets.digital.rema1000.dk/product/labels/40-64.webp"}, {"id": 43, "name": "Fuldkorn", "image": "https://static-assets.digital.rema1000.dk/product/labels/43-64.webp"}], "description": "Et økologisk Speltstykke bagt med fuldkornsspeltmel, som giver en ekstra god, lidt nøddeagtig smag samt en saftig og blød struktur. Speltstykket har en tynd og sprød skorpe. Den egner sig derfor både til morgenbordet, til frokosten med pålæg og  som tilbehør til aftensmaden. Desuden er det økologiske Speltstykke Nøglehul- og Fuldkornsmærket og bagt i Danmark. ", "info": "", "images": [{"small": "https://rema-product-images.digital.rema1000.dk/46191/1-small-3MoMyZ6o5E.webp", "medium": "https://rema-product-images.digital.rema1000.dk/46191/1-medium-3MoMyZ6o5E.webp", "large": "https://rema-product-images.digital.rema1000.dk/46191/1-large-3MoMyZ6o5E.webp"}], "prices": [{"price": 19.95, "price_over_max_quantity": null, "max_quantity": null, "is_advertised": false, "is_campaign": false, "starting_at": "2022-10-20T00:00:00+00:00", "ending_at": "2025-09-06T00:00:00+00:00", "deposit": null, "compare_unit": "kg", "compare_unit_price": 47.5, "consumption_unit": null, "consumption_quantity": null}], "temperature_zone": "frozen_18_degrees_celsius", "is_self_scale_item": false, "is_weight_item": false, "is_available_in_all_stores": true, "is_batch_item": false}
{"id": 46210, "name": "BAGELS PLAIN", "underline": "400 GR. / REMA 1000", "age_limit": null, "hazard_precaution_statements": [], "labels": [{"id": 2, "name": "REMA1000", "image": "https://static-assets.digital.rema1000.dk/product/labels/2-64.webp"}], "description": null, "info": "", "images": [{"small": "https://rema-product-images.digital.rema1000.dk/46210/1-small-Al90AnEP8w.webp", "medium": "https://rema-product-images.digital.rema1000.dk/46210/1-medium-Al90AnEP8w.webp", "large": "https://rema-product-images.digital.rema1000.dk/46210/1-large-Al90AnEP8w.webp"}], "prices": [{"price": 19.95, "price_over_max_quantity": null, "max_quantity": null, "is_advertised": false, "is_campaign": false, "starting_at": "2024-05-09T00:00:00+00:00", "ending_at": "2099-12-31T00:00:00+00:00", "deposit": null, "compare_unit": "kg", "compare_unit_price": 49.88, "consumption_unit": null, "consumption_quantity": null}], "temperature_zone": "frozen_18_degrees_celsius", "is_self_scale_item": false, "is_weight_item": false, "is_available_in_all_stores": true, "is_batch_item": false}
{"id": 46211, "name": "BAGELS CHILI", "underline": "400 GR. / CHEDDAR, REMA 1000", "age_limit": null, "hazard_precaution_statements": [], "labels": [{"id": 2, "name": "REMA1000", "image": "https://static-assets.digital.rema1000.dk/product/labels/2-64.webp"}], "description": null, "info": "", "images": [{"small": "https://rema-product-images.digital.rema1000.dk/46211/1-small-A5qV1nRoaQ.webp", "medium": "https://rema-product-images.digital.rema1000.dk/46211/1-medium-A5qV1nRoaQ.webp", "large": "https://rema-product-images.digital.rema1000.dk/46211/1-large-A5qV1nRoaQ.webp"}], "prices": [{"price": 19.95, "price_over_max_quantity": null, "max_quantity": null, "is_advertised": false, "is_campaign": false, "starting_at": "2024-05-09T00:00:00+00:00", "ending_at": "2099-12-31T00:00:00+00:00", "deposit": null, "compare_unit": "kg", "compare_unit_price": 49.88, "consumption_unit": null, "consumption_quantity": null}], "temperature_zone": "frozen_18_degrees_celsius", "is_self_scale_item": false, "is_weight_item": false, "is_available_in_all_stores": true, "is_batch_item": false}
{"id": 46250, "name": "MØLLEHJUL", "underline": "420 GR. / HATTING, FULDKORNS", "age_limit": null, "hazard_precaution_statements": [], "labels": [{"id": 40, "name": "Nøglehul", "image": "https://static-assets.digital.rema1000.dk/product/labels/40-64.webp"}, {"id": 43, "name": "Fuldkorn", "image": "https://static-assets.digital.rema1000.dk/product/labels/43-64.webp"}], "description": null, "info": "", "images": [{"small": "https://rema-product-images.digital.rema1000.dk/46250/1-small-vVormr8P3z.webp", "medium": "https://rema-product-images.digital.rema1000.dk/46250/1-medium-vVormr8P3z.webp", "large": "https://rema-product-images.digital.rema1000.dk/46250/1-large-vVormr8P3z.webp"}], "prices": [{"price": 22.95, "price_over_max_quantity": null, "max_quantity": null, "is_advertised": false, "is_campaign": false, "starting_at": "2022-10-20T00:00:00+00:00", "ending_at": "2025-09-13T00:00:00+00:00", "deposit": null, "compare_unit": "kg", "compare_unit_price": 54.64, "consumption_unit": null, "consumption_quantity": null}], "temperature_zone": "frozen_18_degrees_celsius", "is_self_scale_item": false, "is_weight_item": false, "is_available_in_all_stores": true, "is_batch_item": false}
{"id": 46251, "name": "SKAGENSLAPPER", "underline": "438 GR. / HATTING, FULDKORNS", "age_limit": null, "hazard_precaution_statements": [], "labels": [{"id": 40, "name": "Nøglehul", "image": "https://static-assets.digital.rema1000.dk/product/labels/40-64.webp"}, {"id": 43, "name": "Fuldkorn", "image": "https://static-assets.digital.rema1000.dk/product/labels/43-64.webp"}], "description": null, "info": "", "images": [{"small": "https://rema-product-images.digital.rema1000.dk/46251/1-small-v09gnmzqAW.webp", "medium": "https://rema-product-images.digital.rema1000.dk/46251/1-medium-v09gnmzqAW.webp", "large": "https://rema-product-images.digital.rema1000.dk/46251/1-large-v09gnmzqAW.webp"}], "prices": [{"price": 22.95, "price_over_max_quantity": null, "max_quantity": null, "is_advertised": false, "is_campaign": false, "starting_at": "2022-10-20T00:00:00+00:00", "ending_at": "2025-09-13T00:00:00+00:00", "deposit": null, "compare_unit": "kg", "compare_unit_price": 52.4, "consumption_unit": null, "consumption_quantity": null}], "temperature_zone": "frozen_18_degrees_celsius", "is_self_scale_item": false, "is_weight_item": false, "is_available_in_all_stores": true, "is_batch_item": false}
{"id": 46253, "name": "GRÆSKARKERNEBOLLER", "underline": "438 GR. / HATTING, FULDKORNS", "age_limit": null, "hazard_precaution_statements": [], "labels": [{"id": 40, "name": "Nøglehul", "image": "https://static-assets.digital.rema1000.dk/product/labels/40-64.webp"}, {"id": 43, "name": "Fuldkorn", "image": "https://static-assets.digital.rema1000.dk/product/labels/43-64.webp"}], "description": null, "info": "", "images": [{"small": "https://rema-product-images.digital.rema1000.dk/46253/1-small-aboKyrG9pM.webp", "medium": "https://rema-product-images.digital.rema1000.dk/46253/1-medium-aboKyrG9pM.webp", "large": "https://rema-product-images.digital.rema1000.dk/46253/1-large-aboKyrG9pM.webp"}], "prices": [{"price": 22.95, "price_over_max_quantity": null, "max_quantity": null, "is_advertised": false, "is_campaign": false, "starting_at": "2022-10-20T00:00:00+00:00", "ending_at": "2025-09-13T00:00:00+00:00", "deposit": null, "compare_unit": "kg", "compare_unit_price": 52.4, "consumption_unit": null, "consumption_quantity": null}], "temperature_zone": "frozen_18_degrees_celsius", "is_self_scale_item": false, "is_weight_item": false, "is_available_in_all_stores": true, "is_batch_item": false}
{"id": 46336, "name": "PITA BRØD", "underline": "400 GR. / FULDKORN, HATTING", "age_limit": null, "hazard_precaution_statements": [], "labels": [{"id": 40, "name": "Nøglehul", "image": "https://static-assets.digital.rema1000.dk/product/labels/40-64.webp"}, {"id": 43, "name": "Fuldkorn", "image": "https://static-assets.digital.rema1000.dk/product/labels/43-64.webp"}], "description": null, "info": "", "images": [{"small": "https://rema-product-images.digital.rema1000.dk/46336/1-small-7doLyBrq6r.webp", "medium": "https://rema-product-images.digital.rema1000.dk/46336/1-medium-7doLyBrq6r.webp", "large": "https://rema-product-images.digital.rema1000.dk/46336/1-large-7doLyBrq6r.webp"}], "prices": [{"price": 12.95, "price_over_max_quantity": null, "max_quantity": null, "is_advertised": false, "is_campaign": false, "starting_at": "2024-11-08T00:00:00+00:00", "ending_at": "2099-12-31T00:00:00+00:00", "deposit": null, "compare_unit": "kg", "compare_unit_price": 32.38, "consumption_unit": null, "consumption_quantity": null}], "temperature_zone": "frozen_18_degrees_celsius", "is_self_scale_item": false, "is_weight_item": false, "is_available_in_all_stores": false, "is_batch_item": false}
{"id": 46355, "name": "GRILLET MADBRØD", "underline": "600 GR. / 4X150G REMA 1000", "age_limit": null, "hazard_precaution_statements": [], "labels": [{"id": 2, "name": "REMA1000", "image": "https://static-assets.digital.rema1000.dk/product/labels/2-64.webp"}], "description": null, "info": "", "images": [{"small": "https://rema-product-images.digital.rema1000.dk/46355/1-small-A5qV1V1oaQ.webp", "medium": "https://rema-product-images.digital.rema1000.dk/46355/1-medium-A5qV1V1oaQ.webp", "large": "https://rema-product-images.digital.rema1000.dk/46355/1-large-A5qV1V1oaQ.webp"}], "prices": [{"price": 19.95, "price_over_max_quantity": null, "max_quantity": null, "is_advertised": false, "is_campaign": false, "starting_at": "2023-10-25T00:00:00+00:00", "ending_at": "2099-12-31T00:00:00+00:00", "deposit": null, "compare_unit": "kg", "compare_unit_price": 33.25, "consumption_unit": null, "consumption_quantity": null}], "temperature_zone": "frozen_18_degrees_celsius", "is_self_scale_item": false, "is_weight_item": false, "is_available_in_all_stores": true, "is_batch_item": false}
{"id": 46370, "name": "GROVA", "underline": "500 GR. / FRIA, GLUTENFRI", "age_limit": null, "hazard_precaution_statements": [], "labels": [{"id": 38, "name": "Gluten fri", "image": "https://static-assets.digital.rema1000.dk/product/labels/38-64.webp"}], "description": "Glutenfri sandwichbrød", "info": "", "images": [{"small": "https://rema-product-images.digital.rema1000.dk/46370/1-small-kOq36p8o63.webp", "medium": "https://rema-product-images.digital.rema1000.dk/46370/1-medium-kOq36p8o63.webp", "large": "https://rema-product-images.digital.rema1000.dk/46370/1-large-kOq36p8o63.webp"}], "prices": [{"price": 32.95, "price_over_max_quantity": null, "max_quantity": null, "is_advertised": false, "is_campaign": false, "starting_at": "2022-10-20T00:00:00+00:00", "ending_at": "2099-12-31T00:00:00+00:00", "deposit": null, "compare_unit": "kg", "compare_unit_price": 65.9, "consumption_unit": null, "consumption_quantity": null}], "temperature_zone": "frozen_18_degrees_celsius", "is_self_scale_item": false, "is_weight_item": false, "is_available_in_all_stores": true, "is_batch_item": false}
{"id": 46386, "name": "GLUTENFRI KANELSNEGLE", "underline": "340 GR. / REMA 1000", "age_limit": null, "hazard_precaution_statements": [], "labels": [{"id": 2, "name": "REMA1000", "image": "https://static-assets.digital.rema1000.dk/product/labels/2-64.webp"}, {"id": 38, "name": "Gluten fri", "image": "https://static-assets.digital.rema1000.dk/product/labels/38-64.webp"}], "description": null, "info": "", "images": [{"small": "https://rema-product-images.digital.rema1000.dk/46386/1-small-A4PyedyPLV.webp", "medium": "https://rema-product-images.digital.rema1000.dk/46386/1-medium-A4PyedyPLV.webp", "large": "https://rema-product-images.digital.rema1000.dk/46386/1-large-A4PyedyPLV.webp"}], "prices": [{"price": 29.95, "price_over_max_quantity": null, "max_quantity": null, "is_advertised": false, "is_campaign": false, "starting_at": "2025-03-11T00:00:00+00:00", "ending_at": "2099-12-31T00:00:00+00:00", "deposit": null, "compare_unit": "kg", "compare_unit_price": 88.09, "consumption_unit": null, "consumption_quantity": null}], "temperature_zone": "frozen_18_degrees_celsius", "is_self_scale_item": false, "is_weight_item": false, "is_available_in_all_stores": false, "is_batch_item": false}
{"id": 46388, "name": "FRANSKBRØD", "underline": "500 GR. / REMA 1000,GLUTENFRI", "age_limit": null, "hazard_precaution_statements": [], "labels": [{"id": 2, "name": "REMA1000", "image": "https://static-assets.digital.rema1000.dk/product/labels/2-64.webp"}, {"id": 37, "name": "Laktose fri", "image": "https://static-assets.digital.rema1000.dk/product/labels/37-64.webp"}, {"id": 38, "name": "Gluten fri", "image": "https://static-assets.digital.rema1000.dk/product/labels/38-64.webp"}, {"id": 40, "name": "Nøglehul", "image": "https://static-assets.digital.rema1000.dk/product/labels/40-64.webp"}], "description": null, "info": "", "images": [{"small": "https://rema-product-images.digital.rema1000.dk/46388/1-small-xePw4zdow8.webp", "medium": "https://rema-product-images.digital.rema1000.dk/46388/1-medium-xePw4zdow8.webp", "large": "https://rema-product-images.digital.rema1000.dk/46388/1-large-xePw4zdow8.webp"}], "prices": [{"price": 29.95, "price_over_max_quantity": null, "max_quantity": null, "is_advertised": false, "is_campaign": false, "starting_at": "2022-10-20T00:00:00+00:00", "ending_at": "2099-12-31T00:00:00+00:00", "deposit": null, "compare_unit": "kg", "compare_unit_price": 59.9, "consumption_unit": null, "consumption_quantity": null}], "temperature_zone": "frozen_18_degrees_celsius", "is_self_scale_item": false, "is_weight_item": false, "is_available_in_all_stores": true, "is_batch_item": false}
{"id": 46389, "name": "KERNEBRØD I SKIVER", "underline": "500 GR. / REMA 1000, GLUTENFRI", "age_limit": null, "hazard_precaution_statements": [], "labels": [{"id": 2, "name": "REMA1000", "image": "https://static-assets.digital.rema1000.dk/product/labels/2-64.webp"}, {"id": 38, "name": "Gluten fri", "image": "https://static-assets.digital.rema1000.dk/product/labels/38-64.webp"}], "description": null, "info": "", "images": [{"small": "https://rema-product-images.digital.rema1000.dk/46389/1-small-ElPByVn9kG.webp", "medium": "https://rema-product-images.digital.rema1000.dk/46389/1-medium-ElPByVn9kG.webp", "large": "https://rema-product-images.digital.rema1000.dk/46389/1-large-ElPByVn9kG.webp"}], "prices": [{"price": 32.95, "price_over_max_quantity": null, "max_quantity": null, "is_advertised": false, "is_campaign": false, "starting_at": "2022-10-20T00:00:00+00:00", "ending_at": "2099-12-31T00:00:00+00:00", "deposit": null, "compare_unit": "kg", "compare_unit_price": 65.9, "consumption_unit": null, "consumption_quantity": null}], "temperature_zone": "frozen_18_degrees_celsius", "is_self_scale_item": false, "is_weight_item": false, "is_available_in_all_stores": true, "is_batch_item": false}
{"id": 46393, "name": "SANDWICHSTYKKER", "underline": "260 GR. / REMA 1000, GLUTENFRI", "age_limit": null, "hazard_precaution_statements": [], "labels": [{"id": 2, "name": "REMA1000", "image": "https://static-assets.digital.rema1000.dk/product/labels/2-64.webp"}, {"id": 38, "name": "Gluten fri", "image": "https://static-assets.digital.rema1000.dk/product/labels/38-64.webp"}], "description": null, "info": "", "images": [{"small": "https://rema-product-images.digital.rema1000.dk/46393/1-small-xQq8yB29Zd.webp", "medium": "https://rema-product-images.digital.rema1000.dk/46393/1-medium-xQq8yB29Zd.webp", "large": "https://rema-product-images.digital.rema1000.dk/46393/1-large-xQq8yB29Zd.webp"}], "prices": [{"price": 29.95, "price_over_max_quantity": null, "max_quantity": null, "is_advertised": false, "is_campaign": false, "starting_at": "2022-10-20T00:00:00+00:00", "ending_at": "2099-12-31T00:00:00+00:00", "deposit": null, "compare_unit": "kg", "compare_unit_price": 115.19, "consumption_unit": null, "consumption_quantity": null}], "temperature_zone": "frozen_18_degrees_celsius", "is_self_scale_item": false, "is_weight_item": false, "is_available_in_all_stores": false, "is_batch_item": false}
{"id": 46445, "name": "FOCACCIA M/HAVSALT", "underline": "280 GR. / PANE DI ITALIA, ØKO.", "age_limit": null, "hazard_precaution_statements": [], "labels": [{"id": 2, "name": "REMA1000", "image": "https://static-assets.digital.rema1000.dk/product/labels/2-64.webp"}, {"id": 5, "name": "Økologi", "image": "https://static-assets.digital.rema1000.dk/product/labels/5-64.webp"}], "description": null, "info": "", "images": [{"small": "https://rema-product-images.digital.rema1000.dk/46445/1-small-ElPByMb9kG.webp", "medium": "https://rema-product-images.digital.rema1000.dk/46445/1-medium-ElPByMb9kG.webp", "large": "https://rema-product-images.digital.rema1000.dk/46445/1-large-ElPByMb9kG.webp"}], "prices": [{"price": 14.95, "price_over_max_quantity": null, "max_quantity": null, "is_advertised": false, "is_campaign": false, "starting_at": "2020-02-10T00:00:00+00:00", "ending_at": "2099-12-31T00:00:00+00:00", "deposit": null, "compare_unit": "kg", "compare_unit_price": 53.39, "consumption_unit": null, "consumption_quantity": null}], "temperature_zone": "frozen_18_degrees_celsius", "is_self_scale_item": false, "is_weight_item": false, "is_available_in_all_stores": true, "is_batch_item": false}
{"id": 46446, "name": "FOCACCIA M/TOMAT", "underline": "280 GR. / PANE DI ITALIA, ØKO.", "age_limit": null, "hazard_precaution_statements": [], "labels": [{"id": 2, "name": "REMA1000", "image": "https://static-assets.digital.rema1000.dk/product/labels/2-64.webp"}, {"id": 5, "name": "Økologi", "image": "https://static-assets.digital.rema1000.dk/product/labels/5-64.webp"}], "description": null, "info": "", "images": [{"small": "https://rema-product-images.digital.rema1000.dk/46446/1-small-kAonK80qx8.webp", "medium": "https://rema-product-images.digital.rema1000.dk/46446/1-medium-kAonK80qx8.webp", "large": "https://rema-product-images.digital.rema1000.dk/46446/1-large-kAonK80qx8.webp"}], "prices": [{"price": 14.95, "price_over_max_quantity": null, "max_quantity": null, "is_advertised": false, "is_campaign": false, "starting_at": "2020-02-10T00:00:00+00:00", "ending_at": "2099-12-31T00:00:00+00:00", "deposit": null, "compare_unit": "kg", "compare_unit_price": 53.39, "consumption_unit": null, "consumption_quantity": null}], "temperature_zone": "frozen_18_degrees_celsius", "is_self_scale_item": false, "is_weight_item": false, "is_available_in_all_stores": false, "is_batch_item": false}
{"id": 46449, "name": "FOCCACCIA M.HVIDLØG", "underline": "280 GR. / PANE DI ITALIA, ØKO.", "age_limit": null, "hazard_precaution_statements": [], "labels": [{"id": 2, "name": "REMA1000", "image": "https://static-assets.digital.rema1000.dk/product/labels/2-64.webp"}, {"id": 5, "name": "Økologi", "image": "https://static-assets.digital.rema1000.dk/product/labels/5-64.webp"}], "description": null, "info": "", "images": [{"small": "https://rema-product-images.digital.rema1000.dk/46449/1-small-xQq8y3L9Zd.webp", "medium": "https://rema-product-images.digital.rema1000.dk/46449/1-medium-xQq8y3L9Zd.webp", "large": "https://rema-product-images.digital.rema1000.dk/46449/1-large-xQq8y3L9Zd.webp"}], "prices": [{"price": 14.95, "price_over_max_quantity": null, "max_quantity": null, "is_advertised": false, "is_campaign": false, "starting_at": "2025-01-10T00:00:00+00:00", "ending_at": "2099-12-31T00:00:00+00:00", "deposit": null, "compare_unit": "kg", "compare_unit_price": 53.39, "consumption_unit": null, "consumption_quantity": null}], "temperature_zone": "frozen_18_degrees_celsius", "is_self_scale_item": false, "is_weight_item": false, "is_available_in_all_stores": false, "is_batch_item": false}
{"id": 46612, "name": "HVIDLØGSBAGUETTES", "underline": "350 GR. / REMA 1000", "age_limit": null, "hazard_precaution_statements": [], "labels": [{"id": 2, "name": "REMA1000", "image": "https://static-assets.digital.rema1000.dk/product/labels/2-64.webp"}], "description": "Klassisk hvidløgsbaguettes med hvidløgssmør<br />", "info": "", "images": [{"small": "https://rema-product-images.digital.rema1000.dk/46612/1-small-18oXEaYqkb.webp", "medium": "https://rema-product-images.digital.rema1000.dk/46612/1-medium-18oXEaYqkb.webp", "large": "https://rema-product-images.digital.rema1000.dk/46612/1-large-18oXEaYqkb.webp"}], "prices": [{"price": 14.95, "price_over_max_quantity": null, "max_quantity": null, "is_advertised": false, "is_campaign": false, "starting_at": "2023-06-15T00:00:00+00:00", "ending_at": "2099-12-31T00:00:00+00:00", "deposit": null, "compare_unit": "kg", "compare_unit_price": 42.71, "consumption_unit": null, "consumption_quantity": null}], "temperature_zone": "frozen_18_degrees_celsius", "is_self_scale_item": false, "is_weight_item": false, "is_available_in_all_stores": true, "is_batch_item": false}
{"id": 46644, "name": "MINIFLUTES", "underline": "750 GR. / REMA1000", "age_limit": null, "hazard_precaution_statements": [], "labels": [{"id": 2, "name": "REMA1000", "image": "https://static-assets.digital.rema1000.dk/product/labels/2-64.webp"}], "description": "Klassiske dansk producerede hvede miniflutes<br /> ", "info": "", "images": [{"small": "https://rema-product-images.digital.rema1000.dk/46644/1-small-xePwexxqw8.webp", "medium": "https://rema-product-images.digital.rema1000.dk/46644/1-medium-xePwexxqw8.webp", "large": "https://rema-product-images.digital.rema1000.dk/46644/1-large-xePwexxqw8.webp"}], "prices": [{"price": 14.95, "price_over_max_quantity": null, "max_quantity": null, "is_advertised": false, "is_campaign": false, "starting_at": "2022-12-01T00:00:00+00:00", "ending_at": "2099-12-31T00:00:00+00:00", "deposit": null, "compare_unit": "kg", "compare_unit_price": 19.93, "consumption_unit": null, "consumption_quantity": null}], "temperature_zone": "frozen_18_degrees_celsius", "is_self_scale_item": false, "is_weight_item": false, "is_available_in_all_stores": true, "is_batch_item": false}
{"id": 46646, "name": "FULDKORNS MINIFLUTES", "underline": "600 GR. / REMA 1000", "age_limit": null, "hazard_precaution_statements": [], "labels": [{"id": 2, "name": "REMA1000", "image": "https://static-assets.digital.rema1000.dk/product/labels/2-64.webp"}, {"id": 40, "name": "Nøglehul", "image": "https://static-assets.digital.rema1000.dk/product/labels/40-64.webp"}, {"id": 43, "name": "Fuldkorn", "image": "https://static-assets.digital.rema1000.dk/product/labels/43-64.webp"}], "description": "Producerede fuldkornsminiflutes med fuldkorn<br /> ", "info": "", "images": [{"small": "https://rema-product-images.digital.rema1000.dk/46646/1-small-kAonVrBox8.webp", "medium": "https://rema-product-images.digital.rema1000.dk/46646/1-medium-kAonVrBox8.webp", "large": "https://rema-product-images.digital.rema1000.dk/46646/1-large-kAonVrBox8.webp"}], "prices": [{"price": 15.95, "price_over_max_quantity": null, "max_quantity": null, "is_advertised": false, "is_campaign": false, "starting_at": "2024-01-04T00:00:00+00:00", "ending_at": "2025-08-30T00:00:00+00:00", "deposit": null, "compare_unit": "kg", "compare_unit_price": 26.58, "consumption_unit": null, "consumption_quantity": null}], "temperature_zone": "frozen_18_degrees_celsius", "is_self_scale_item": false, "is_weight_item": false, "is_available_in_all_stores": true, "is_batch_item": false}
{"id": 46647, "name": "HÅNDVÆRKERE", "underline": "600 GR. / REMA 1000", "age_limit": null, "hazard_precaution_statements": [], "labels": [{"id": 2, "name": "REMA1000", "image": "https://static-assets.digital.rema1000.dk/product/labels/2-64.webp"}], "description": "Klassisk dansk produceret håndværker - med lys krumme og sprød og knasende skorpe.", "info": "", "images": [{"small": "https://rema-product-images.digital.rema1000.dk/46647/1-small-3MoMELQo5E.webp", "medium": "https://rema-product-images.digital.rema1000.dk/46647/1-medium-3MoMELQo5E.webp", "large": "https://rema-product-images.digital.rema1000.dk/46647/1-large-3MoMELQo5E.webp"}], "prices": [{"price": 16.95, "price_over_max_quantity": null, "max_quantity": null, "is_advertised": false, "is_campaign": false, "starting_at": "2024-01-04T00:00:00+00:00", "ending_at": "2099-12-31T00:00:00+00:00", "deposit": null, "compare_unit": "kg", "compare_unit_price": 28.25, "consumption_unit": null, "consumption_quantity": null}], "temperature_zone": "frozen_18_degrees_celsius", "is_self_scale_item": false, "is_weight_item": false, "is_available_in_all_stores": true, "is_batch_item": false}
{"id": 46648, "name": "MORGENBRØD", "underline": "600 GR. / REMA 1000", "age_limit": null, "hazard_precaution_statements": [], "labels": [{"id": 2, "name": "REMA1000", "image": "https://static-assets.digital.rema1000.dk/product/labels/2-64.webp"}], "description": "Klassisk danksproduceret rundstykke - med lys krumme og sprød og knasende skorpe.<br />  ", "info": "", "images": [{"small": "https://rema-product-images.digital.rema1000.dk/46648/1-small-OJq5nvR9pr.webp", "medium": "https://rema-product-images.digital.rema1000.dk/46648/1-medium-OJq5nvR9pr.webp", "large": "https://rema-product-images.digital.rema1000.dk/46648/1-large-OJq5nvR9pr.webp"}], "prices": [{"price": 16.95, "price_over_max_quantity": null, "max_quantity": null, "is_advertised": false, "is_campaign": false, "starting_at": "2024-01-04T00:00:00+00:00", "ending_at": "2099-12-31T00:00:00+00:00", "deposit": null, "compare_unit": "kg", "compare_unit_price": 28.25, "consumption_unit": null, "consumption_quantity": null}], "temperature_zone": "frozen_18_degrees_celsius", "is_self_scale_item": false, "is_weight_item": false, "is_available_in_all_stores": true, "is_batch_item": false}
{"id": 500013, "name": "PASQUA 11%", "underline": "75 CL. / TREVISO PROSECCO", "age_limit": 18, "hazard_precaution_statements": [], "labels": [], "description": "<b>Pasqua Prosecco Extra Dry, Treviso DOC</b> Mellemfyldig mousserende vin med let sødme fremstillet af Glera-druer. Duft og smag er af moden pære, modent æble og citrus.  Vinen er velegnet som aperitif, evt. blandet med Aperol eller til krydret og stærk mad, salater, charcuteri og fjerkræ. Vine bør drikkes ung ved 8°C", "info": "Oprindelsesland: Italien", "images": [{"small": "https://rema-product-images.digital.rema1000.dk/500013/1-small-wyPbLvJZqE.webp", "medium": "https://rema-product-images.digital.rema1000.dk/500013/1-medium-wyPbLvJZqE.webp", "large": "https://rema-product-images.digital.rema1000.dk/500013/1-large-wyPbLvJZqE.webp"}], "prices": [{"price": 75, "price_over_max_quantity": null, "max_quantity": null, "is_advertised": false, "is_campaign": false, "starting_at": "2023-01-05T00:00:00+00:00", "ending_at": "2099-12-31T00:00:00+00:00", "deposit": null, "compare_unit": "ltr", "compare_unit_price": 100, "consumption_unit": null, "consumption_quantity": null}], "temperature_zone": null, "is_self_scale_item": false, "is_weight_item": false, "is_available_in_all_stores": true, "is_batch_item": false}
{"id": 500014, "name": "VERMOUTH ROSSO 14,8%", "underline": "1 LTR. / TOSO", "age_limit": 18, "hazard_precaution_statements": [], "labels": [], "description": "<b>Toso, Vermouth, Rosso</b> Ravfarvet og sød-bitter vermouth. Duft og smag er af appelsinskal, kanel, karamel og urter. Fyldig og med god friskhed.  Velegnet som aperitif eller i drinks. Drikkeklar og bør serveres ved 8°C", "info": "Oprindelsesland: Italien", "images": [{"small": "https://rema-product-images.digital.rema1000.dk/500014/1-small-3MovQGzmPA.webp", "medium": "https://rema-product-images.digital.rema1000.dk/500014/1-medium-3MovQGzmPA.webp", "large": "https://rema-product-images.digital.rema1000.dk/500014/1-large-3MovQGzmPA.webp"}], "prices": [{"price": 45, "price_over_max_quantity": null, "max_quantity": null, "is_advertised": false, "is_campaign": false, "starting_at": "2025-03-06T00:00:00+00:00", "ending_at": "2099-12-31T00:00:00+00:00", "deposit": null, "compare_unit": "ltr", "compare_unit_price": 45, "consumption_unit": null, "consumption_quantity": null}], "temperature_zone": null, "is_self_scale_item": false, "is_weight_item": false, "is_available_in_all_stores": true, "is_batch_item": false}
{"id": 500015, "name": "VERMOUTH BIANCO 14,8%", "underline": "1 LTR. / TOSO", "age_limit": 18, "hazard_precaution_statements": [], "labels": [], "description": "<b>Toso, Vermouth, Bianco</b> Sød, fyldig og vandklar vermouth med duft og smag af moden pære, hvid karamel, kanel og urter. Velegnet som aperitif eller i drinks. Drikkeklar og bør serveres ved 8°C.", "info": "Oprindelsesland: Italien", "images": [{"small": "https://rema-product-images.digital.rema1000.dk/500015/1-small-KpqRvLRkqL.webp", "medium": "https://rema-product-images.digital.rema1000.dk/500015/1-medium-KpqRvLRkqL.webp", "large": "https://rema-product-images.digital.rema1000.dk/500015/1-large-KpqRvLRkqL.webp"}], "prices": [{"price": 45, "price_over_max_quantity": null, "max_quantity": null, "is_advertised": false, "is_campaign": false, "starting_at": "2025-03-06T00:00:00+00:00", "ending_at": "2099-12-31T00:00:00+00:00", "deposit": null, "compare_unit": "ltr", "compare_unit_price": 45, "consumption_unit": null, "consumption_quantity": null}], "temperature_zone": null, "is_self_scale_item": false, "is_weight_item": false, "is_available_in_all_stores": true, "is_batch_item": false}
{"id": 500027, "name": "VERMOUTH EXTRA DRY 14,8%", "underline": "1 LTR. / TOSO", "age_limit": 18, "hazard_precaution_statements": [], "labels": [], "description": "<b>Toso Vermouth, Ekstra Dry</b> Mellemfyldig, frisk og tør vermouth med duft og smag af citron, pære, kanel og urter. Velegnet som aperitif eller i drinks. Kan erstatte hvidvin i madlavning. Drikkeklar og bør serveres ved 8°C.", "info": "Oprindelsesland: Italien", "images": [{"small": "https://rema-product-images.digital.rema1000.dk/500027/1-small-OW9Ogjbl9g.webp", "medium": "https://rema-product-images.digital.rema1000.dk/500027/1-medium-OW9Ogjbl9g.webp", "large": "https://rema-product-images.digital.rema1000.dk/500027/1-large-OW9Ogjbl9g.webp"}], "prices": [{"price": 45, "price_over_max_quantity": null, "max_quantity": null, "is_advertised": false, "is_campaign": false, "starting_at": "2025-03-06T00:00:00+00:00", "ending_at": "2099-12-31T00:00:00+00:00", "deposit": null, "compare_unit": "ltr", "compare_unit_price": 45, "consumption_unit": null, "consumption_quantity": null}], "temperature_zone": null, "is_self_scale_item": false, "is_weight_item": false, "is_available_in_all_stores": true, "is_batch_item": false}
{"id": 500028, "name": "MENTOR RED 14%", "underline": "75 CL. / PORT FINISH DUORO DOC", "age_limit": 18, "hazard_precaution_statements": [], "labels": [], "description": "<b>Mentor red port finish Douro DOC </b> Fyldig og koncentreret rødvin med en fornemmelse af let sødme. Duft og smag er kompleks af blåbær,  blomme, brombær, tørrede krydderier samt nødder og vanilje. Der friskhed i vinen. Tanninindholdet er  højt og vinen er velegnet til stegt eller grillet mørkt kød som oksekød, lam eller dyrevildt. Her vil  proteinerne i kødet give modspil til tanninen og give fornemmelsen af en blød og harmonisk vin.  Vinen er drikkeklar og kan holde 3-4 år frem og bør serveres ved 16°C 5 stjerner på flaskehalsen.nu, januar 2023<br />  ", "info": "Oprindelsesland: Portugal", "images": [{"small": "https://rema-product-images.digital.rema1000.dk/500028/1-small-xyqaGbAAPD.webp", "medium": "https://rema-product-images.digital.rema1000.dk/500028/1-medium-xyqaGbAAPD.webp", "large": "https://rema-product-images.digital.rema1000.dk/500028/1-large-xyqaGbAAPD.webp"}], "prices": [{"price": 55, "price_over_max_quantity": null, "max_quantity": null, "is_advertised": false, "is_campaign": false, "starting_at": "2025-03-06T00:00:00+00:00", "ending_at": "2025-08-30T00:00:00+00:00", "deposit": null, "compare_unit": "ltr", "compare_unit_price": 73.33, "consumption_unit": null, "consumption_quantity": null}], "temperature_zone": null, "is_self_scale_item": false, "is_weight_item": false, "is_available_in_all_stores": true, "is_batch_item": false}
{"id": 500094, "name": "NUESTRO 14%", "underline": "75 CL. / RIBERA DEL DUERO", "age_limit": 18, "hazard_precaution_statements": [], "labels": [], "description": "<b>Nuestro Ribera del Duero DO</b> Forholdsvis fyldig, koncentreret og intens rødvin fremstillet af Tempranillo-druer. Duft og smag er af brombær, blåbær, jordbær, nødder og vanilje.  Det fornemmes, at vinen har lagret i egetræsfade. Der er god friskhed i vinen og tanninniveauet er højt. Vinen er velegnet til vildt eller stegt kød som f.eks. oksekød eller  lam, hvor proteinerne i kødet blødgør tanninen i vinen og får mad og vin til at harmonere. Undgå for sødligt tilbehør. Vinen bør luftes i en karaffel før den nydes eller gemmes 2-3 år. Vinen bør serveres ved 17°C ", "info": "Oprindelsesland: Spanien", "images": [{"small": "https://rema-product-images.digital.rema1000.dk/500094/1-small-vVorgDNWq3.webp", "medium": "https://rema-product-images.digital.rema1000.dk/500094/1-medium-vVorgDNWq3.webp", "large": "https://rema-product-images.digital.rema1000.dk/500094/1-large-vVorgDNWq3.webp"}], "prices": [{"price": 75, "price_over_max_quantity": null, "max_quantity": null, "is_advertised": false, "is_campaign": false, "starting_at": "2024-05-02T00:00:00+00:00", "ending_at": "2099-12-31T00:00:00+00:00", "deposit": null, "compare_unit": "ltr", "compare_unit_price": 100, "consumption_unit": null, "consumption_quantity": null}], "temperature_zone": null, "is_self_scale_item": false, "is_weight_item": false, "is_available_in_all_stores": true, "is_batch_item": false}
{"id": 500140, "name": "THAT'S WHY 15%", "underline": "75 CL. / CABERNET ZINFANDEL", "age_limit": 18, "hazard_precaution_statements": [], "labels": [], "description": "<b>That’s Why, Cabernet Sauvignon-Zinfandel</b> Fyldig, koncentreret og intens rødvin fremstillet af Cabernet Sauvignon- og Zinfandel-druer. Duft og smag er af blommer, kirsebær, chokolade, kaffe og lidt af appelsin. Friskheden er middel og tanninen er blød af  afrundet. Velegnet til smagfulde gryderetter, svinekød, and eller dyrevildt. Et sødmefuldt tilbehør vil trække friskhed frem i vinen og få vin og mad til at passe sammen.", "info": "Oprindelsesland: Italien", "images": [{"small": "https://rema-product-images.digital.rema1000.dk/500140/1-small-rQqQVk0B9e.webp", "medium": "https://rema-product-images.digital.rema1000.dk/500140/1-medium-rQqQVk0B9e.webp", "large": "https://rema-product-images.digital.rema1000.dk/500140/1-large-rQqQVk0B9e.webp"}], "prices": [{"price": 69, "price_over_max_quantity": null, "max_quantity": null, "is_advertised": false, "is_campaign": false, "starting_at": "2023-01-06T00:00:00+00:00", "ending_at": "2025-08-27T00:00:00+00:00", "deposit": null, "compare_unit": "ltr", "compare_unit_price": 92, "consumption_unit": null, "consumption_quantity": null}], "temperature_zone": null, "is_self_scale_item": false, "is_weight_item": false, "is_available_in_all_stores": true, "is_batch_item": false}
{"id": 500219, "name": "CANDELINE 11,5%", "underline": "75 CL. / MEDITERRANÉE", "age_limit": 18, "hazard_precaution_statements": [], "labels": [{"id": 5, "name": "Økologi", "image": "https://static-assets.digital.rema1000.dk/product/labels/5-64.webp"}], "description": "<b>Candeline Alpes de Haute Provence IGP (økologisk)</b> Lys laksefarvet rosévin med god friskhed og smag af fersken, hindbær, citron og urter. Vinen er forholdsvis let og den er egnet til magre fisk, skaldyr og salater. Benyt gerne citron og krydderurter i  retten, der understøtter vinene friskhed og år vinen til at fornemmes fyldigere. Også velegnet til et glas udendørs uden mad. Vinen bør drikkes ung ved 7°C ", "info": "Oprindelsesland: Frankrig", "images": [{"small": "https://rema-product-images.digital.rema1000.dk/500219/1-small-rDq6W7b19b.webp", "medium": "https://rema-product-images.digital.rema1000.dk/500219/1-medium-rDq6W7b19b.webp", "large": "https://rema-product-images.digital.rema1000.dk/500219/1-large-rDq6W7b19b.webp"}], "prices": [{"price": 55, "price_over_max_quantity": null, "max_quantity": null, "is_advertised": false, "is_campaign": false, "starting_at": "2025-05-01T00:00:00+00:00", "ending_at": "2099-12-31T00:00:00+00:00", "deposit": null, "compare_unit": "ltr", "compare_unit_price": 73.33, "consumption_unit": null, "consumption_quantity": null}], "temperature_zone": null, "is_self_scale_item": false, "is_weight_item": false, "is_available_in_all_stores": true, "is_batch_item": false}
{"id": 500236, "name": "KUNG FU GIRL 12,5%", "underline": "75 CL. / CHARLES SMITH RIESLING", "age_limit": 18, "hazard_precaution_statements": [], "labels": [], "description": "<b>Kung Fu Girl Riesling</b> Mellemfyldig, aromatisk hvidvin med let sødme fremstillet af Riesling-druer. Duft og smag er af gule  æbler, fersken, grapefrugt, citron og hvide blomster. Vinen er meget frisk og sammen med den lette  sødme giver det et godt modspil til især asiatisk mad med karry og chili eller til sushi, hvor sødmen får  det stærke indtryk til at opleves mindre stærkt samtidig med, at vinen frisker op i mundhulen. Vinen er drikkeklar, kan holde 2-3 år frem og bør serveres ved 7°C.", "info": "Oprindelsesland: USA", "images": [{"small": "https://rema-product-images.digital.rema1000.dk/500236/1-small-7doLODRjP6.webp", "medium": "https://rema-product-images.digital.rema1000.dk/500236/1-medium-7doLODRjP6.webp", "large": "https://rema-product-images.digital.rema1000.dk/500236/1-large-7doLODRjP6.webp"}], "prices": [{"price": 109, "price_over_max_quantity": null, "max_quantity": null, "is_advertised": false, "is_campaign": false, "starting_at": "2025-05-29T00:00:00+00:00", "ending_at": "2099-12-31T00:00:00+00:00", "deposit": null, "compare_unit": "ltr", "compare_unit_price": 145.33, "consumption_unit": null, "consumption_quantity": null}], "temperature_zone": null, "is_self_scale_item": false, "is_weight_item": false, "is_available_in_all_stores": true, "is_batch_item": false}
{"id": 50024, "name": "GOLD ESPRESSO", "underline": "100 GR. / NESCAFE", "age_limit": null, "hazard_precaution_statements": [], "labels": [], "description": null, "info": "", "images": [{"small": "https://rema-product-images.digital.rema1000.dk/50024/1-small-vXodWe7P3k.webp", "medium": "https://rema-product-images.digital.rema1000.dk/50024/1-medium-vXodWe7P3k.webp", "large": "https://rema-product-images.digital.rema1000.dk/50024/1-large-vXodWe7P3k.webp"}], "prices": [{"price": 64.95, "price_over_max_quantity": null, "max_quantity": null, "is_advertised": false, "is_campaign": false, "starting_at": "2025-07-03T00:00:00+00:00", "ending_at": "2099-12-31T00:00:00+00:00", "deposit": null, "compare_unit": "kg", "compare_unit_price": 649.5, "consumption_unit": null, "consumption_quantity": null}], "temperature_zone": null, "is_self_scale_item": false, "is_weight_item": false, "is_available_in_all_stores": true, "is_batch_item": false}
{"id": 500296, "name": "PASQUA 12%", "underline": "75 CL. / PINOT GRIGIO DOC", "age_limit": 18, "hazard_precaution_statements": [], "labels": [], "description": "<b>Pasqua Pinot Grigio delle Venezie IGT</b> Frisk og middelfyldig hvidvin fremstillet af Pinot Grigio-druer. Duft og smag er af citrus, pære og modne æbler. Vinen er velegnet til antipasti eller tapas, til  pastaretter, kylling, fisk og skaldyr, salater eller bare som et glas i utide. Citronsaft og krydderurter i maden vil passe til vinen karakter. Vinen bør drikkes ung ved 8°C", "info": "Oprindelsesland: Italien", "images": [{"small": "https://rema-product-images.digital.rema1000.dk/500296/1-small-NpP7rK7v9O.webp", "medium": "https://rema-product-images.digital.rema1000.dk/500296/1-medium-NpP7rK7v9O.webp", "large": "https://rema-product-images.digital.rema1000.dk/500296/1-large-NpP7rK7v9O.webp"}], "prices": [{"price": 49, "price_over_max_quantity": null, "max_quantity": null, "is_advertised": false, "is_campaign": false, "starting_at": "2022-11-10T00:00:00+00:00", "ending_at": "2025-08-30T00:00:00+00:00", "deposit": null, "compare_unit": "ltr", "compare_unit_price": 65.33, "consumption_unit": null, "consumption_quantity": null}], "temperature_zone": null, "is_self_scale_item": false, "is_weight_item": false, "is_available_in_all_stores": true, "is_batch_item": false}
{"id": 500304, "name": "SANT THIAS 11,5%", "underline": "75 CL. / GRÜNER VELTLINER", "age_limit": 18, "hazard_precaution_statements": [], "labels": [], "description": "<b>Sant Thias Grüner Veltliner</b> Denne vin kommer fra vinfirmaet Weingut Frank i Østrig. Vinen er produceret af 100 % Grüner Veltliner druer, der er dyrket i Weinviertel regionen. For at bibeholde så megen frugt som muligt har vinen udelukkende  været lagret på ståltanke. Det er en flot hvidvin med delikat duft af grapefrugt, sprød og charmerende frugtsmag samt en blid og behagelig eftersmag. Denne vin er ren og skær fornøjelse at drikke som aperitif eller til lettere madretter, fisk samt de fleste forretter. Vinen skal serveres afkølet og bør drikkes forholdvis ung. Gold Catavinum World & Spirits Competition 2025<br /> 5/6 stjerner på www.instagram.com/danishwinetaster den 30. marts 2025<br /> 8/10 stjerner på www.instagram.com/vinoverset den 30. marts 2025<br /> 5/7 stjerner på www.instagram.com/heltvildmedvin den 29. marts 2025<br /> Meget god på www.vinbladet.dk den 25. marts 2025<br /> 4/5 stjerner på www.instagram.com/supermarkedsvine den 25. marts 2025<br /> 90 point og 5 stjerner på www.flaskehalsen.nu maj 2025<br /> Høj genkøbsfaktor på www.vineXpressen.dk maj 2025<br /> 91 point af Rasmus Christensen - WineWherEver april 2025<br /> 5 glas på www.spritnyt.com & Godt køb i Din VinGuide april 2025<br />", "info": "Oprindelsesland: Østrig", "images": [{"small": "https://rema-product-images.digital.rema1000.dk/500304/1-small-OJq57grnPp.webp", "medium": "https://rema-product-images.digital.rema1000.dk/500304/1-medium-OJq57grnPp.webp", "large": "https://rema-product-images.digital.rema1000.dk/500304/1-large-OJq57grnPp.webp"}], "prices": [{"price": 59, "price_over_max_quantity": null, "max_quantity": null, "is_advertised": false, "is_campaign": false, "starting_at": "2021-06-03T00:00:00+00:00", "ending_at": "2025-08-30T00:00:00+00:00", "deposit": null, "compare_unit": "ltr", "compare_unit_price": 78.67, "consumption_unit": null, "consumption_quantity": null}], "temperature_zone": null, "is_self_scale_item": false, "is_weight_item": false, "is_available_in_all_stores": true, "is_batch_item": false}
{"id": 500317, "name": "LACOSTE GARZA 13%", "underline": "75 CL. / BORDEAUX", "age_limit": 18, "hazard_precaution_statements": [], "labels": [], "description": "<b>Château Lacoste Garzac</b> Vinen er lavet på 60 % Merlot og 40 % Cabernet Sauvignon, som er de klassiske druetyper i Medoc. Vinstokkene er 30 år i gennemsnit, hvilket  bidrager til vinens kompleksitet og fylde. Vinstokkene har vokset i gruset og veldrænet jord, som giver perfekte forhold for vinplanter. Vinstokkene til denne vin vokser på Dordogne flodens højre bred ikke langt fra St Emillon. Vinene fra Bordeaux’s højre bred giver vine som ofte er blødere og tidligere tilgængelige end vinene fra venstre bred. Vinslottet råder over 30 hektar vinmarker og producerer sin vin efter moderne principper med brug af skånsomme høstteknikker, temperaturregulering under gæringen og nye egetræsfade. Denne vin fra Lacoste Garzac har noter af solbær og kirsebær og en dybde som kendetegner den store 2015-årgang. Man fornemmer et let aftryk af egetræsfadene. Vinen har en smuk balance mellem den dybe frugt og friskhed med afrundede tanniner i finalen, som gør den oplagte ledsager til den store oksesteg, vildt eller lam. ", "info": "Oprindelsesland: Frankrig", "images": [{"small": "https://rema-product-images.digital.rema1000.dk/500317/1-small-Z8qpAa2Y93.webp", "medium": "https://rema-product-images.digital.rema1000.dk/500317/1-medium-Z8qpAa2Y93.webp", "large": "https://rema-product-images.digital.rema1000.dk/500317/1-large-Z8qpAa2Y93.webp"}], "prices": [{"price": 59, "price_over_max_quantity": null, "max_quantity": null, "is_advertised": false, "is_campaign": false, "starting_at": "2021-01-01T00:00:00+00:00", "ending_at": "2099-12-31T00:00:00+00:00", "deposit": null, "compare_unit": "ltr", "compare_unit_price": 78.67, "consumption_unit": null, "consumption_quantity": null}], "temperature_zone": null, "is_self_scale_item": false, "is_weight_item": false, "is_available_in_all_stores": true, "is_batch_item": false}
{"id": 500323, "name": "VANESA 12,5%", "underline": "3 LTR. / WHITE", "age_limit": 18, "hazard_precaution_statements": [], "labels": [{"id": 5, "name": "Økologi", "image": "https://static-assets.digital.rema1000.dk/product/labels/5-64.webp"}], "description": "<b>Vanesa white organic (3 ltr. Bag in box)</b> Mellemfyldig og tør hvidvin. Duft og smag er af moden pære, citrus, urter og lidt af fennikel. Friskheden er middel, og den er velegnet til lyst kød, kylling, magre  fisk og salater. Benyt gerne krydderurter og citron i retten, der passer til vinens karakter, og får vinen til at fornemmes blød. Vinen skal drikkes ung og bør serveres ved 8°C", "info": "Oprindelsesland: Spanien", "images": [{"small": "https://rema-product-images.digital.rema1000.dk/500323/1-small-MNqZGre79A.webp", "medium": "https://rema-product-images.digital.rema1000.dk/500323/1-medium-MNqZGre79A.webp", "large": "https://rema-product-images.digital.rema1000.dk/500323/1-large-MNqZGre79A.webp"}], "prices": [{"price": 119, "price_over_max_quantity": null, "max_quantity": null, "is_advertised": false, "is_campaign": false, "starting_at": "2023-01-05T00:00:00+00:00", "ending_at": "2025-08-30T00:00:00+00:00", "deposit": null, "compare_unit": "ltr", "compare_unit_price": 39.67, "consumption_unit": null, "consumption_quantity": null}], "temperature_zone": null, "is_self_scale_item": false, "is_weight_item": false, "is_available_in_all_stores": true, "is_batch_item": false}
{"id": 500329, "name": "THE ZIN 13,5%", "underline": "3 LTR. / ZINFANDEL", "age_limit": 18, "hazard_precaution_statements": [], "labels": [], "description": "<b>The Zin Zinfandel (3 ltr. Bag in box)</b> Denne vin er hovedsageligt produceret af Zinfandel-druer (ca. 75 %) samt andre røde druer som Ruby Red og Ruby Cabernet, der alle er dyrket i  Californien i USA. Vinen har været lagret 6 måneder på amerikanske og franske egetræsfade. Det er en skøn rødvin med flot dybrød farve, intens frugtduft af mørke frugter som sorte kirsebær, brombær og hindbær, fyldig smag af modne frugter, mokka og egetræ, god struktur samt en lang og behagelig eftersmag. Denne velafbalancerede vin er særdeles velegnet til grill, burgere, pulled pork, spareribs og sammenkogte retter, men kan naturligvis også nydes uden mad til. Vinen kan med velbehag drikkes nu og de næste par år.   ", "info": "Oprindelsesland: USA", "images": [{"small": "https://rema-product-images.digital.rema1000.dk/500329/1-small-pYqx2L72P1.webp", "medium": "https://rema-product-images.digital.rema1000.dk/500329/1-medium-pYqx2L72P1.webp", "large": "https://rema-product-images.digital.rema1000.dk/500329/1-large-pYqx2L72P1.webp"}], "prices": [{"price": 135, "price_over_max_quantity": null, "max_quantity": null, "is_advertised": false, "is_campaign": false, "starting_at": "2022-10-06T00:00:00+00:00", "ending_at": "2025-08-23T00:00:00+00:00", "deposit": null, "compare_unit": "ltr", "compare_unit_price": 45, "consumption_unit": null, "consumption_quantity": null}], "temperature_zone": null, "is_self_scale_item": false, "is_weight_item": false, "is_available_in_all_stores": true, "is_batch_item": false}
{"id": 500340, "name": "CREMANT 12%", "underline": "75 CL. / DE BOURGOGNE BRUT", "age_limit": 18, "hazard_precaution_statements": [], "labels": [], "description": "Crémant de Bourgogne AOC Frisk, tør og forholdsvis fyldig mousserende vin. Duft og smag er af citron, citronskal, solbær og abrikos. Vinen er velegnet til tapas, fisk og skaldyr, f.eks.  blåmuslinger eller til sushi, hvor friskheden og boblerne renser mundhulen. Der må gerne indgå citron i retten som passer til vinens friske karakter og aromaer.  Også god som aperitif eller til faste oste.", "info": "Oprindelsesland: Frankrig", "images": [{"small": "https://rema-product-images.digital.rema1000.dk/500340/1-small-rQqQVkyY9e.webp", "medium": "https://rema-product-images.digital.rema1000.dk/500340/1-medium-rQqQVkyY9e.webp", "large": "https://rema-product-images.digital.rema1000.dk/500340/1-large-rQqQVkyY9e.webp"}], "prices": [{"price": 85, "price_over_max_quantity": null, "max_quantity": null, "is_advertised": false, "is_campaign": false, "starting_at": "2023-06-29T00:00:00+00:00", "ending_at": "2099-12-31T00:00:00+00:00", "deposit": null, "compare_unit": "ltr", "compare_unit_price": 113.33, "consumption_unit": null, "consumption_quantity": null}], "temperature_zone": null, "is_self_scale_item": false, "is_weight_item": false, "is_available_in_all_stores": true, "is_batch_item": false}
{"id": 500362, "name": "GRANDE ALBERONE 14,5%", "underline": "75 CL. / ROSSO", "age_limit": 18, "hazard_precaution_statements": [], "labels": [], "description": "<b>Grande Alberone Rosso</b> Fyldig og intens rødvin med let sødme. Duft og smag af modne og let tørrede blommer, kirsebær og brombær samt af tørrede krydderier. Friskheden er lidt  lavere end middel niveau. Tanninindholdet er lavt, så vinen fremstår meget blød.  Velegnet til stegt svinekød, and, gryderetter eller en burger. Et sødmefuldt tilbehør vil trække friskhed frem i vinen og få mad og vin til at harmonere. Vinen er drikkeklar og vinder ikke ved yderligere lagring. Bør serveres ved 15°C", "info": "Oprindelsesland: Italien", "images": [{"small": "https://rema-product-images.digital.rema1000.dk/500362/1-small-2B94prAr9k.webp", "medium": "https://rema-product-images.digital.rema1000.dk/500362/1-medium-2B94prAr9k.webp", "large": "https://rema-product-images.digital.rema1000.dk/500362/1-large-2B94prAr9k.webp"}], "prices": [{"price": 59, "price_over_max_quantity": null, "max_quantity": null, "is_advertised": false, "is_campaign": false, "starting_at": "2021-01-01T00:00:00+00:00", "ending_at": "2099-12-31T00:00:00+00:00", "deposit": null, "compare_unit": "ltr", "compare_unit_price": 78.67, "consumption_unit": null, "consumption_quantity": null}], "temperature_zone": null, "is_self_scale_item": false, "is_weight_item": false, "is_available_in_all_stores": true, "is_batch_item": false}
{"id": 500428, "name": "SANTA CAROLINA 13%", "underline": "3 LTR. / CABERNET SAUVIGNON", "age_limit": 18, "hazard_precaution_statements": [], "labels": [], "description": "<b>Vinhuset Santa Carolina i Chile </b><br />Santa Carolinas historie går over 140 år tilbage, og det gør dem til et af Chiles ældste vinhuse. Hvert år modtager Santa Carolina flere medaljer og flotte anmeldelser, og i Danmark er deres vine kun at finde i REMA 1000. Vinhuset fremstiller kvalitetsvin til enhver lejlighed og til enhver pris – både hverdagsvinen og vinen til de særlige lejligheder.<br /><br /><b>Om denne vin</b><br />Santa Carolina Celler Selection Cabernet Sauvignon er en hverdagsvin, som imponerer hver gang. Druerne til den intense Carbernet Sauvingon er høstet på vinmarkerne i Central Valley i Chile, hvor de kolde nætter og varme dage, skaber optimale betingelser for at dyrke vin. Den klare, rubinrøde rødvin er fremstillet af 100% Carbernet Sauvingon druer, og dufter let krydret af solbær med noter af urter. Smagen er tilpas tør, men samtidig fyldig, blød og rund. En meget karakterfuld og behagelig rødvin, som kan serveres til alt fra frikadeller til oksekød. Lad boksen stå i køleskabet og skænk den i et glas, som du lader stå ude 10 minutter. Nyd den herefter perfekt tempereret. ", "info": "Oprindelsesland: Chile", "images": [{"small": "https://rema-product-images.digital.rema1000.dk/500428/1-small-xyqaGbM2PD.webp", "medium": "https://rema-product-images.digital.rema1000.dk/500428/1-medium-xyqaGbM2PD.webp", "large": "https://rema-product-images.digital.rema1000.dk/500428/1-large-xyqaGbM2PD.webp"}], "prices": [{"price": 125, "price_over_max_quantity": null, "max_quantity": null, "is_advertised": false, "is_campaign": false, "starting_at": "2022-06-30T00:00:00+00:00", "ending_at": "2099-12-31T00:00:00+00:00", "deposit": null, "compare_unit": "ltr", "compare_unit_price": 41.67, "consumption_unit": null, "consumption_quantity": null}], "temperature_zone": null, "is_self_scale_item": false, "is_weight_item": false, "is_available_in_all_stores": true, "is_batch_item": false}
{"id": 500509, "name": "PAUL MAS RESERVE 13,5%", "underline": "75 CL. / VIOGNIER", "age_limit": 18, "hazard_precaution_statements": [], "labels": [], "description": "<b>Paul Mas Réserve Viognier Single Vineyard Collection </b> Domaines Paul Mas er en sammenslutning af flere vingårde, der tilsammen råder over mere end 600 hektar vinmarker i hjertet af Languedoc-området i det  sydlige Frankrig. Vineriet og kælderen hos Domaines Paul Mas er udstyret med det mest moderne udstyr, der gør det muligt at omforme mange års  amilietraditioner og erfaringer til en række fremragende sydfranske vine. Denne vin er produceret af 100% Viognier-druer, der er dyrket i Languedoc-området i Frankrig. 85 % af vinen har været lagret på ståltanke, mens de resterende 15 % har været lagret på egetræsfade i 3 måneder. Det er en elegant hvidvin med meget klar gyldengul farve med et flot grønt skær samt elegant duft af tørret frugt, fersken og viol med noter af vanilje og  honning. Smagen er frisk og fyldig med et strejf af krydderier efterfulgt af en blid og behagelig eftersmag. Denne harmoniske vin er særdeles velegnet til fiskeretter, skaldyr, lyst kød, karryretter og blåskimmeloste. Men den er også helt fantastisk uden mad – f.eks. udendørs en varm sommerdag. Det er en vin, der skal serveres afkølet, og for en hvidvin har den et fint henlægningspotentiale.", "info": "Oprindelsesland: Frankrig", "images": [{"small": "https://rema-product-images.digital.rema1000.dk/500509/1-small-aboKgxyGop.webp", "medium": "https://rema-product-images.digital.rema1000.dk/500509/1-medium-aboKgxyGop.webp", "large": "https://rema-product-images.digital.rema1000.dk/500509/1-large-aboKgxyGop.webp"}], "prices": [{"price": 59, "price_over_max_quantity": null, "max_quantity": null, "is_advertised": false, "is_campaign": true, "starting_at": "2025-08-01T00:00:00+00:00", "ending_at": "2025-08-31T00:00:00+00:00", "deposit": null, "compare_unit": "ltr", "compare_unit_price": 78.67, "consumption_unit": null, "consumption_quantity": null}], "temperature_zone": null, "is_self_scale_item": false, "is_weight_item": false, "is_available_in_all_stores": true, "is_batch_item": false}
{"id": 500542, "name": "PAUL MAS RESERVE 14%", "underline": "75 CL. / CABERNET SAUVIGNON", "age_limit": 18, "hazard_precaution_statements": [], "labels": [], "description": "<b>Paul Mas Réserve Cabernet Sauvignon Single Vineyard Collection </b> Domaines Paul Mas er en sammenslutning af flere vingårde, der tilsammen råder over mere end 600 hektar vinmarker i hjertet af Languedoc-området i det  sydlige Frankrig. Vineriet og kælderen hos Domaines Paul Mas er udstyret med det mest moderne udstyr, der gør det muligt at omforme mange års familietraditioner og erfaringer til en række fremragende sydfranske vine. Denne vin er produceret af 100% Cabernet Sauvignon-druer, der er dyrket i Languedoc-området i Frankrig. Vinen har været lagret 6 måneder på egetræsfade (70% amerikanske og 30% franske). Det er en utrolig elegant vin med flot dybrød farve med et rubinrødt skær, intens og letkrydret duft af hindbær og rød peber med noter af tobak og vanilje, fyldig frugtsmag  af modne kirsebær med noter af krydderier og vanilje, bløde tanniner samt en lang og behagelig eftersmag. Denne harmoniske rødvin er særdeles velegnet til grillet oksekød, lam og oste. Det er en vin, der med velbehag kan drikkes nu, men som samtidig kan henlægges yderligere nogle år.", "info": "Oprindelsesland: Frankrig", "images": [{"small": "https://rema-product-images.digital.rema1000.dk/500542/1-small-A4Py2JedoL.webp", "medium": "https://rema-product-images.digital.rema1000.dk/500542/1-medium-A4Py2JedoL.webp", "large": "https://rema-product-images.digital.rema1000.dk/500542/1-large-A4Py2JedoL.webp"}], "prices": [{"price": 59, "price_over_max_quantity": null, "max_quantity": null, "is_advertised": false, "is_campaign": true, "starting_at": "2025-08-01T00:00:00+00:00", "ending_at": "2025-08-31T00:00:00+00:00", "deposit": null, "compare_unit": "ltr", "compare_unit_price": 78.67, "consumption_unit": null, "consumption_quantity": null}], "temperature_zone": null, "is_self_scale_item": false, "is_weight_item": false, "is_available_in_all_stores": true, "is_batch_item": false}
{"id": 500549, "name": "ARALDICA 7%", "underline": "75 CL. / ASTI DOCG", "age_limit": 18, "hazard_precaution_statements": [], "labels": [], "description": "<b>Araldica, Asti DOCG, Dolce</b> Sød, fyldig og intens mousserende vin med duft og smag af fersken, pære, druer, honning og lidt af blomster. Den søde vin balanceres af lidt friskhed og vinen er velegnet til desserter med forskellige bær  og frugter, kager eller som en sød aperitif. Vinen bør drikkes ung. Den bør serveres ved 5°C for øge fornemmelsen af friskhed.", "info": "Oprindelsesland: Italien", "images": [{"small": "https://rema-product-images.digital.rema1000.dk/500549/1-small-xQq8a08a9Z.webp", "medium": "https://rema-product-images.digital.rema1000.dk/500549/1-medium-xQq8a08a9Z.webp", "large": "https://rema-product-images.digital.rema1000.dk/500549/1-large-xQq8a08a9Z.webp"}], "prices": [{"price": 59, "price_over_max_quantity": null, "max_quantity": null, "is_advertised": false, "is_campaign": false, "starting_at": "2021-01-01T00:00:00+00:00", "ending_at": "2099-12-31T00:00:00+00:00", "deposit": null, "compare_unit": "ltr", "compare_unit_price": 78.67, "consumption_unit": null, "consumption_quantity": null}], "temperature_zone": null, "is_self_scale_item": false, "is_weight_item": false, "is_available_in_all_stores": true, "is_batch_item": false}
{"id": 500562, "name": "S.C. RESERVA 13,5%", "underline": "75 CL. / SAUVIGNON BLANC", "age_limit": 18, "hazard_precaution_statements": [], "labels": [], "description": "<b>Vinhuset Santa Carolina i Chile </b><br />Santa Carolinas historie går over 140 år tilbage, og det gør dem til et af Chiles ældste vinhuse. Hvert år modtager Santa Carolina flere medaljer og flotte anmeldelser, og i Danmark er deres vine kun at finde i REMA 1000. Vinhuset fremstiller kvalitetsvin til enhver lejlighed og til enhver pris – både hverdagsvinen og vinen til de særlige lejligheder.<br /><br /><b>Om denne vin</b><br />Santa Carolina Reserva Sauvignon Blanc. En klassisk, fyldig og aromatisk hvidvin med duft af hyldeblomst og stikkelsbær. Vinen har en frisk, sprød og tør smag, som både passer til nydelsen på terrassen, og til middagen med fisk eller fjerkræ fra grill. Tilføj gerne asparges til retten, som matcher vinens aromaer perfekt. Vinen er skøn til lette retter og en fantastisk ledsager til frisk gedeost. Køl vinen ned til 6-8 grader og glæd dig til at smage denne klassiske hvidvin.", "info": "Oprindelsesland: Chile", "images": [{"small": "https://rema-product-images.digital.rema1000.dk/500562/1-small-2B94prB89k.webp", "medium": "https://rema-product-images.digital.rema1000.dk/500562/1-medium-2B94prB89k.webp", "large": "https://rema-product-images.digital.rema1000.dk/500562/1-large-2B94prB89k.webp"}], "prices": [{"price": 55, "price_over_max_quantity": null, "max_quantity": null, "is_advertised": false, "is_campaign": false, "starting_at": "2023-04-20T00:00:00+00:00", "ending_at": "2025-08-30T00:00:00+00:00", "deposit": null, "compare_unit": "ltr", "compare_unit_price": 73.33, "consumption_unit": null, "consumption_quantity": null}], "temperature_zone": null, "is_self_scale_item": false, "is_weight_item": false, "is_available_in_all_stores": true, "is_batch_item": false}
{"id": 500567, "name": "MONFERRATO 14%", "underline": "75 CL. / ROSSO DEZZANI", "age_limit": 18, "hazard_precaution_statements": [], "labels": [], "description": "<b>Dezzani Monferrato Rosso DOC</b> Forholdsvis fyldig rødvin med god koncentration og duft og smag af forskellige røde bær, vanilje og lidt af nødder og chokolade. Der er god friskhed i vinen og  tanninen fornemmes. Det giver karakter til vinen. Vinen er bredt anvendelig, og særligt god til italiensk mad med kalve- eller svinekød, lyst fjerkræ eller til en risotto. Vinen er drikkeklar og kan holde et par år frem. Bør serveres ved 16°C", "info": "Oprindelsesland: Italien", "images": [{"small": "https://rema-product-images.digital.rema1000.dk/500567/1-small-MNqZGrE19A.webp", "medium": "https://rema-product-images.digital.rema1000.dk/500567/1-medium-MNqZGrE19A.webp", "large": "https://rema-product-images.digital.rema1000.dk/500567/1-large-MNqZGrE19A.webp"}], "prices": [{"price": 55, "price_over_max_quantity": null, "max_quantity": null, "is_advertised": false, "is_campaign": false, "starting_at": "2023-10-12T00:00:00+00:00", "ending_at": "2099-12-31T00:00:00+00:00", "deposit": null, "compare_unit": "ltr", "compare_unit_price": 73.33, "consumption_unit": null, "consumption_quantity": null}], "temperature_zone": null, "is_self_scale_item": false, "is_weight_item": false, "is_available_in_all_stores": true, "is_batch_item": false}
{"id": 500586, "name": "RAGNATELA 12,5%", "underline": "3 LTR. / ROSSO", "age_limit": 18, "hazard_precaution_statements": [], "labels": [], "description": "<b>Ragnatella Rosso (3 ltr. Bag in box)</b> Intens og fyldig rødvin med let sødme. Duft og smag er af modne blommer, brombær, lakrids og  chokolade. Tannin indholdet er lavt og vinen er blød. Der er tilstrækkelig friskhed til at balancere den  lette sødme, der er i vinen. Velegnet til en flæskesteg med det hele, gryderetter med sødmefuldt tilbehør  eller til italiensk mad med tomatsauce. Vinen er drikkeklar og bør serveres ved 16°C", "info": "Oprindelsesland: Italien", "images": [{"small": "https://rema-product-images.digital.rema1000.dk/500586/1-small-A4Py2JzdoL.webp", "medium": "https://rema-product-images.digital.rema1000.dk/500586/1-medium-A4Py2JzdoL.webp", "large": "https://rema-product-images.digital.rema1000.dk/500586/1-large-A4Py2JzdoL.webp"}], "prices": [{"price": 115, "price_over_max_quantity": null, "max_quantity": null, "is_advertised": false, "is_campaign": false, "starting_at": "2022-10-06T00:00:00+00:00", "ending_at": "2099-12-31T00:00:00+00:00", "deposit": null, "compare_unit": "ltr", "compare_unit_price": 38.33, "consumption_unit": null, "consumption_quantity": null}], "temperature_zone": null, "is_self_scale_item": false, "is_weight_item": false, "is_available_in_all_stores": true, "is_batch_item": false}
{"id": 50060, "name": "CAFE NOIR", "underline": "400 GR. / MEDIUM ORIGINAL", "age_limit": null, "hazard_precaution_statements": [], "labels": [], "description": "Café Noir Mellemristet er kaffe af 100% Arabicabønner, dyrket i Syd- og Mellemamerika. Her vokser kaffen langsomt i den tynde luft, hvilket forlænger bønnernes modningsproces og forfiner både smag og aroma. Café Noir ristes lidt længere end andre kaffer, og resultatet er en dybere, rundere og mere fyldig smag. Åben posen og lad den forførende duft brede sig. Dosér Café Noir Mellemristet efter smag og bryg kaffen. Efter nogle minutter kan du læne dig tilbage og nyde den fyldige og harmoniske smag af Café Noir Mellemristet.", "info": "", "images": [{"small": "https://rema-product-images.digital.rema1000.dk/50060/1-small-6xqAXVNoDr.webp", "medium": "https://rema-product-images.digital.rema1000.dk/50060/1-medium-6xqAXVNoDr.webp", "large": "https://rema-product-images.digital.rema1000.dk/50060/1-large-6xqAXVNoDr.webp"}], "prices": [{"price": 85, "price_over_max_quantity": null, "max_quantity": null, "is_advertised": false, "is_campaign": false, "starting_at": "2025-07-03T00:00:00+00:00", "ending_at": "2025-08-30T00:00:00+00:00", "deposit": null, "compare_unit": "kg", "compare_unit_price": 212.5, "consumption_unit": null, "consumption_quantity": null}], "temperature_zone": null, "is_self_scale_item": false, "is_weight_item": false, "is_available_in_all_stores": true, "is_batch_item": false}
{"id": 500601, "name": "BOURGOGNE 13%", "underline": "75 CL. / PINOT NOIR", "age_limit": 18, "hazard_precaution_statements": [], "labels": [], "description": "<b>Bourgogne Pinot Noir, Côte Chalonnaise AOC</b> Mellemfyldig rødvin fremstillet af Pinot Noir-druer. Duft og smag er af røde bær som hindbær, jordbær og  tranebær samt af vanilje. Vinen er frisk, og tanninindholdet er forholdsvis lavt. Velegnet til lyst kød,  kylling, grønt og salater eller til fuglevildt. Undgå sødligt tilbehør i retten, der vil få vinen til at fornemmes  sur. Vinen er drikkeklar og kan lagre 2-3 år frem. Bør serveres ved 16°C ", "info": "Oprindelsesland: Frankrig", "images": [{"small": "https://rema-product-images.digital.rema1000.dk/500601/1-small-ElPBYebn9k.webp", "medium": "https://rema-product-images.digital.rema1000.dk/500601/1-medium-ElPBYebn9k.webp", "large": "https://rema-product-images.digital.rema1000.dk/500601/1-large-ElPBYebn9k.webp"}], "prices": [{"price": 95, "price_over_max_quantity": null, "max_quantity": null, "is_advertised": false, "is_campaign": false, "starting_at": "2024-07-04T00:00:00+00:00", "ending_at": "2025-08-27T00:00:00+00:00", "deposit": null, "compare_unit": "ltr", "compare_unit_price": 126.67, "consumption_unit": null, "consumption_quantity": null}], "temperature_zone": null, "is_self_scale_item": false, "is_weight_item": false, "is_available_in_all_stores": true, "is_batch_item": false}
{"id": 500621, "name": "WOW 14,5%", "underline": "75 CL. / SYRAH", "age_limit": 18, "hazard_precaution_statements": [], "labels": [], "description": "<b>WOW, Syrah, Colombia Valley, Washington State, USA</b> Koncentreret, intens og fyldig rødvin fremstillet af Syrah-druer. Duft og smag er af brombær, blommer,  sort peber, flødekaramel og kokosnød. Der er god friskhed i vinen, og den har et højt tanninindhold, der  gør den velegnet til mørkt kød som oksekød, lam eller vildt. Proteinindholdet i kødet vil få tanninen i  vinen til at fornemmes blødere og give et harmonisk samspil mellem mad og vin. Vinen er drikkeklar, kan holde i 2-3 år frem og bør serveres ved 16°C", "info": "Oprindelsesland: USA", "images": [{"small": "https://rema-product-images.digital.rema1000.dk/500621/1-small-bJ9Yp8WnqL.webp", "medium": "https://rema-product-images.digital.rema1000.dk/500621/1-medium-bJ9Yp8WnqL.webp", "large": "https://rema-product-images.digital.rema1000.dk/500621/1-large-bJ9Yp8WnqL.webp"}], "prices": [{"price": 59, "price_over_max_quantity": null, "max_quantity": null, "is_advertised": false, "is_campaign": false, "starting_at": "2021-02-08T00:00:00+00:00", "ending_at": "2025-08-30T00:00:00+00:00", "deposit": null, "compare_unit": "ltr", "compare_unit_price": 78.67, "consumption_unit": null, "consumption_quantity": null}], "temperature_zone": null, "is_self_scale_item": false, "is_weight_item": false, "is_available_in_all_stores": true, "is_batch_item": false}
{"id": 500622, "name": "WOW 12%", "underline": "75 CL. / RIESLING", "age_limit": 18, "hazard_precaution_statements": [], "labels": [], "description": "<b>WOW, Riesling, Colombia Valley, Washington State, USA</b> Intens, mellemfyldig hvidvin med let sødme fremstillet af Riesling-druer. Duft og smag er af lime, citron,  pære og gule æbler. Der er god friskhed i vinen, og som står godt til den lette sødme. Det vil give et godt  modspil til især asiatisk mad chili eller karry, hvor sødmen får det stærke indtryk til at opleves mindre  stærkt samtidig med, at vinen frisker op i mundhulen. Også fin som aperitif. Vinen er drikkeklar, kan holde et par år frem og bør serveres ved 7°C   ", "info": "Oprindelsesland: USA", "images": [{"small": "https://rema-product-images.digital.rema1000.dk/500622/1-small-pyozJw6LoX.webp", "medium": "https://rema-product-images.digital.rema1000.dk/500622/1-medium-pyozJw6LoX.webp", "large": "https://rema-product-images.digital.rema1000.dk/500622/1-large-pyozJw6LoX.webp"}], "prices": [{"price": 59, "price_over_max_quantity": null, "max_quantity": null, "is_advertised": false, "is_campaign": false, "starting_at": "2021-02-08T00:00:00+00:00", "ending_at": "2025-08-30T00:00:00+00:00", "deposit": null, "compare_unit": "ltr", "compare_unit_price": 78.67, "consumption_unit": null, "consumption_quantity": null}], "temperature_zone": null, "is_self_scale_item": false, "is_weight_item": false, "is_available_in_all_stores": true, "is_batch_item": false}
{"id": 500642, "name": "PREMIO 12%", "underline": "75 CL. / RED WINE", "age_limit": 18, "hazard_precaution_statements": [], "labels": [], "description": "<b>Premio Fruity Chilean Red Wine</b> Forholdsvis intens og fyldig rødvin med duft og smag af sorte kirsebær, mint og laurbærblade.  Tanninindholdet og friskheden er på middel niveau, og den er velegnet til lyst kød, gryderetter og kylling.  Let sødme i tilbehøret vil øge fornemmelsen af friskhed i vinen. Vinen er drikkeklar og bør nydes ung ved 16°C", "info": "Oprindelsesland: Chile", "images": [{"small": "https://rema-product-images.digital.rema1000.dk/500642/1-small-A4Py2JYyoL.webp", "medium": "https://rema-product-images.digital.rema1000.dk/500642/1-medium-A4Py2JYyoL.webp", "large": "https://rema-product-images.digital.rema1000.dk/500642/1-large-A4Py2JYyoL.webp"}], "prices": [{"price": 35, "price_over_max_quantity": null, "max_quantity": null, "is_advertised": false, "is_campaign": false, "starting_at": "2022-06-30T00:00:00+00:00", "ending_at": "2099-12-31T00:00:00+00:00", "deposit": null, "compare_unit": "ltr", "compare_unit_price": 46.67, "consumption_unit": null, "consumption_quantity": null}], "temperature_zone": null, "is_self_scale_item": false, "is_weight_item": false, "is_available_in_all_stores": true, "is_batch_item": false}
{"id": 500643, "name": "SANTA CAROLINA 12%", "underline": "75 CL. / RESERVA ROSÉ", "age_limit": 18, "hazard_precaution_statements": [], "labels": [], "description": "<b>Vinhuset Santa Carolina i Chile </b><br />Santa Carolinas historie går over 140 år tilbage, og det gør dem til et af Chiles ældste vinhuse. Hvert år modtager Santa Carolina flere medaljer og flotte anmeldelser, og i Danmark er deres vine kun at finde i REMA 1000. Vinhuset fremstiller kvalitetsvin til enhver lejlighed og til enhver pris – både hverdagsvinen og vinen til de særlige lejligheder.<br /><br /><b>Om denne vin</b><br />Santa Carolina Reserva Rosé. En frisk og fyldig rosévin med den skønneste duft af fersken og honningmelon. Smagen af den lyse, laksefarvede vin er intens med cremet frugt og god balance med lige akkurat med antydningen af sødme. En smuk rosé du kan nyde alene, men som også passer til fx fisk og skaldyr eller en saftig grillkylling. Skal vinen drikkes til middag, kan det anbefales at tilføje citron i retten, som står godt til vinens aromaer. Vinen er drikkeklar og smager bedst kølet ned til cirka 8 grader.", "info": "Oprindelsesland: Chile", "images": [{"small": "https://rema-product-images.digital.rema1000.dk/500643/1-small-dyom61KLqV.webp", "medium": "https://rema-product-images.digital.rema1000.dk/500643/1-medium-dyom61KLqV.webp", "large": "https://rema-product-images.digital.rema1000.dk/500643/1-large-dyom61KLqV.webp"}], "prices": [{"price": 55, "price_over_max_quantity": null, "max_quantity": null, "is_advertised": false, "is_campaign": false, "starting_at": "2024-03-21T00:00:00+00:00", "ending_at": "2025-08-30T00:00:00+00:00", "deposit": null, "compare_unit": "ltr", "compare_unit_price": 73.33, "consumption_unit": null, "consumption_quantity": null}], "temperature_zone": null, "is_self_scale_item": false, "is_weight_item": false, "is_available_in_all_stores": true, "is_batch_item": false}
{"id": 500644, "name": "RUFFINO URLO 15%", "underline": "75 CL. / TOSCANA IGT", "age_limit": 18, "hazard_precaution_statements": [], "labels": [], "description": "<b>Ruffino Urlo Toscana IGT</b> Koncentreret og fyldig rødvin fremstillet af Sangiovese-, Cabernet Sauvignon- og Merlot-druer. Duft og  smag er af sorte kirsebær, brombær, vanilje, mørk chokolade og nødder. Der er god friskhed i vinen og  tanninindholdet er højt. Vinen er velegnet til mørkt kød som oksekød, lam eller dyrevildt, hvor   proteinerne i kødet spiller sammen med tanninen i vinen, og får mad og vin til at harmonere. Vinen er drikkeklar og kan holde yderligere 3-4 år. Bør serveres ved 16°C", "info": "Oprindelsesland: Italien", "images": [{"small": "https://rema-product-images.digital.rema1000.dk/500644/1-small-xePw0k6dow.webp", "medium": "https://rema-product-images.digital.rema1000.dk/500644/1-medium-xePw0k6dow.webp", "large": "https://rema-product-images.digital.rema1000.dk/500644/1-large-xePw0k6dow.webp"}], "prices": [{"price": 89, "price_over_max_quantity": null, "max_quantity": null, "is_advertised": false, "is_campaign": false, "starting_at": "2021-08-26T00:00:00+00:00", "ending_at": "2025-08-30T00:00:00+00:00", "deposit": null, "compare_unit": "ltr", "compare_unit_price": 118.67, "consumption_unit": null, "consumption_quantity": null}], "temperature_zone": null, "is_self_scale_item": false, "is_weight_item": false, "is_available_in_all_stores": true, "is_batch_item": false}
{"id": 500659, "name": "PHILIPPE FOURRIER 12%", "underline": "75 CL. / CHAMPAGNE", "age_limit": 18, "hazard_precaution_statements": [], "labels": [], "description": "<b>Champagne Philippe Fourrier Brut</b> Mellemfyldig, intens, tør og frisk Champagne med duft og smag af hindbær, ribs, citron og hvidt brød.  Velegnet til sushi, hvor boblerne og friskheden renser mundhulen og gør klar til næste bid eller til fisk og  skaldyr. Champagnen er oplagt som aperitif. Vinen er drikkeklar, kan holde et par år frem og bør serveres ved 7°C. Wine Enthusiast 91 point<br /> 4 stjerner i Vinavisen november 2023<br />", "info": "Oprindelsesland: Frankrig", "images": [{"small": "https://rema-product-images.digital.rema1000.dk/500659/1-small-KpqRvL73qL.webp", "medium": "https://rema-product-images.digital.rema1000.dk/500659/1-medium-KpqRvL73qL.webp", "large": "https://rema-product-images.digital.rema1000.dk/500659/1-large-KpqRvL73qL.webp"}], "prices": [{"price": 169, "price_over_max_quantity": null, "max_quantity": null, "is_advertised": false, "is_campaign": false, "starting_at": "2023-08-24T00:00:00+00:00", "ending_at": "2099-12-31T00:00:00+00:00", "deposit": null, "compare_unit": "ltr", "compare_unit_price": 225.33, "consumption_unit": null, "consumption_quantity": null}], "temperature_zone": null, "is_self_scale_item": false, "is_weight_item": false, "is_available_in_all_stores": true, "is_batch_item": false}
{"id": 500714, "name": "LA MARENCA 5,5%", "underline": "75 CL. / MOSCATO D'ASTI DOCG", "age_limit": 16, "hazard_precaution_statements": [], "labels": [], "description": "<b>La Marenca Moscato d’Asti DOCG</b> Let mousserende og sød vin fremstillet af Moscato-druer. Duft og smag er af moden pære, melon, druer  og honning. Friskheden i vinen balancerer sødmen sammen med boblerne, og den er velegnet til  desserter med bær og frugt. Vinen kan også klare kransekagen til nytår. Vinen bør drikkes ung ved 8°C", "info": "Oprindelsesland: Italien", "images": [{"small": "https://rema-product-images.digital.rema1000.dk/500714/1-small-3MovQGWGPA.webp", "medium": "https://rema-product-images.digital.rema1000.dk/500714/1-medium-3MovQGWGPA.webp", "large": "https://rema-product-images.digital.rema1000.dk/500714/1-large-3MovQGWGPA.webp"}], "prices": [{"price": 59, "price_over_max_quantity": null, "max_quantity": null, "is_advertised": false, "is_campaign": false, "starting_at": "2022-06-02T00:00:00+00:00", "ending_at": "2099-12-31T00:00:00+00:00", "deposit": null, "compare_unit": "ltr", "compare_unit_price": 78.67, "consumption_unit": null, "consumption_quantity": null}], "temperature_zone": null, "is_self_scale_item": false, "is_weight_item": false, "is_available_in_all_stores": true, "is_batch_item": false}
{"id": 500721, "name": "CERRO DO SANTO 13,5%", "underline": "75 CL. / RESERVA DOURO DOP", "age_limit": 18, "hazard_precaution_statements": [], "labels": [], "description": "<b>Cerro do Santo Reserva, Duero DOP</b> Fyldig og intens rødvin fremstillet af flere forskellige blå druesorter. Duft og smag er af moden sort frugt  som brombær og kirsebær samt en fornemmelse af engelsk lakrids og blomster. Friskheden er middel og  der er en fornemmelse af høj tannin, der gør vinen velegnet til mørkt kød som oksekød eller dyre vildt,  hvor proteinet i kødet får vinen til at fornemmes blødere. Også god til smagsfulde retter med bælgfrugter  og bagte grøntsager. Vinen er drikkeklar, kan holde et par år frem og bør serveres ved 15°C  ", "info": "Oprindelsesland: Portugal", "images": [{"small": "https://rema-product-images.digital.rema1000.dk/500721/1-small-bJ9Yp8MaqL.webp", "medium": "https://rema-product-images.digital.rema1000.dk/500721/1-medium-bJ9Yp8MaqL.webp", "large": "https://rema-product-images.digital.rema1000.dk/500721/1-large-bJ9Yp8MaqL.webp"}], "prices": [{"price": 79, "price_over_max_quantity": null, "max_quantity": null, "is_advertised": false, "is_campaign": false, "starting_at": "2023-08-24T00:00:00+00:00", "ending_at": "2099-12-31T00:00:00+00:00", "deposit": null, "compare_unit": "ltr", "compare_unit_price": 105.33, "consumption_unit": null, "consumption_quantity": null}], "temperature_zone": null, "is_self_scale_item": false, "is_weight_item": false, "is_available_in_all_stores": true, "is_batch_item": false}
{"id": 500750, "name": "FAINA 11%", "underline": "1 LTR. / RED WINE", "age_limit": 18, "hazard_precaution_statements": [], "labels": [], "description": "<b>Faina red </b> Rødvin med en let sødme og duft og smag af røde bær og lidt af kryddernellike. Friskheden er middel og  der er også et middel niveau af bløde tanniner. God til grisekød, gryderetter eller til en pizza. Vinen er drikkeklar og bør serveres ved 16°C", "info": "Oprindelsesland: Portugal", "images": [{"small": "https://rema-product-images.digital.rema1000.dk/500750/1-small-vVorgDwkq3.webp", "medium": "https://rema-product-images.digital.rema1000.dk/500750/1-medium-vVorgDwkq3.webp", "large": "https://rema-product-images.digital.rema1000.dk/500750/1-large-vVorgDwkq3.webp"}], "prices": [{"price": 28.95, "price_over_max_quantity": null, "max_quantity": null, "is_advertised": false, "is_campaign": false, "starting_at": "2024-10-24T00:00:00+00:00", "ending_at": "2099-12-31T00:00:00+00:00", "deposit": null, "compare_unit": "ltr", "compare_unit_price": 28.95, "consumption_unit": null, "consumption_quantity": null}], "temperature_zone": null, "is_self_scale_item": false, "is_weight_item": false, "is_available_in_all_stores": true, "is_batch_item": false}
{"id": 500762, "name": "LE BON NEGOCIANT 13%", "underline": "75 CL. / PINOT NOIR", "age_limit": 18, "hazard_precaution_statements": [], "labels": [], "description": "<b>Le Bon Negociant Pinot Noir </b> Mellemfyldig og frisk rødvin fremstillet af Pinot Noir-druer. Duft og smag er af jordbær, kirsebær, lakrids  og tørrede krydderier. Tanninindholdet i vinen er forholdsvis lavt og vinen er velegnet til lyst kød, kylling,  grønsagsretter eller fuglevildt. Undgå for sødligt tilbehør, der vil kollidere med vinens friskhed.  Vinen er drikkeklar, kan holde et par år frem og bør serveres ved 16°C ", "info": "Oprindelsesland: Frankrig", "images": [{"small": "https://rema-product-images.digital.rema1000.dk/500762/1-small-2B94pryl9k.webp", "medium": "https://rema-product-images.digital.rema1000.dk/500762/1-medium-2B94pryl9k.webp", "large": "https://rema-product-images.digital.rema1000.dk/500762/1-large-2B94pryl9k.webp"}], "prices": [{"price": 69, "price_over_max_quantity": null, "max_quantity": null, "is_advertised": false, "is_campaign": false, "starting_at": "2023-01-12T00:00:00+00:00", "ending_at": "2025-08-30T00:00:00+00:00", "deposit": null, "compare_unit": "ltr", "compare_unit_price": 92, "consumption_unit": null, "consumption_quantity": null}], "temperature_zone": null, "is_self_scale_item": false, "is_weight_item": false, "is_available_in_all_stores": true, "is_batch_item": false}
{"id": 500780, "name": "CAROLINA GRAN RESERVA 14%", "underline": "75 CL. / ASSAMBLAGE", "age_limit": 18, "hazard_precaution_statements": [], "labels": [], "description": "<b>Vinhuset Santa Carolina i Chile </b><br />Santa Carolinas historie går over 140 år tilbage, og det gør dem til et af Chiles ældste vinhuse. Hvert år modtager Santa Carolina flere medaljer og flotte anmeldelser, og i Danmark er deres vine kun at finde i REMA 1000. Vinhuset fremstiller kvalitetsvin til enhver lejlighed og til enhver pris – både hverdagsvinen og vinen til de særlige lejligheder.<br /><br /><b>Om denne vin</b><br />Santa Carolina Gran Reserva Assemblage. En fyldig og intens rødvin fremstillet af blå druesorter. Vinen dufter og smager er af mørke, saftige bær, samt vanilje og mørk chokolade. Vinen smager derudover friskt og har et højt indhold af bløde tanniner. Den er velegnet til fyldige og intense retter med stegt kød som oksekød, lam, dyrevildt eller gryderetter. Dette gør vinen intens og lader den træde i karakter. Vinen bør serveres og nydes ved 16 grader.", "info": "Oprindelsesland: Chile", "images": [{"small": "https://rema-product-images.digital.rema1000.dk/500780/1-small-7doLODM1P6.webp", "medium": "https://rema-product-images.digital.rema1000.dk/500780/1-medium-7doLODM1P6.webp", "large": "https://rema-product-images.digital.rema1000.dk/500780/1-large-7doLODM1P6.webp"}], "prices": [{"price": 65, "price_over_max_quantity": null, "max_quantity": null, "is_advertised": false, "is_campaign": false, "starting_at": "2022-09-29T00:00:00+00:00", "ending_at": "2099-12-31T00:00:00+00:00", "deposit": null, "compare_unit": "ltr", "compare_unit_price": 86.67, "consumption_unit": null, "consumption_quantity": null}], "temperature_zone": null, "is_self_scale_item": false, "is_weight_item": false, "is_available_in_all_stores": true, "is_batch_item": false}
{"id": 500781, "name": "CAROLINA GRAN RESERVA 13,5%", "underline": "75 CL. / CABERNET SAUVIGNON", "age_limit": 18, "hazard_precaution_statements": [], "labels": [], "description": "<b>Santa Carolina Gran Reserva Cabernet sauvignon</b> Mørk, fyldig og intens rødvin fremstillet af Cabernet Sauvignon-druer. Duft og smag er af solbær, sorte  kirsebær, mynte, vanilje, hasselnødder, chokolade og ristede kaffebønner. Det fornemmes, at vinen er  lagret i egetræsfade. Der er god friskhed i vinen og tanninindholdet er højt. Velegnet til steget eller grillet  oksekød eller dyrevildt, hvis høje proteinindhold vil få vinen til at fornemmes blødere. Vinen er drikkeklar, kan holde 3-4 år frem og bør serveres ved 16°C", "info": "Oprindelsesland: Chile", "images": [{"small": "https://rema-product-images.digital.rema1000.dk/500781/1-small-JzPJ5aBb9k.webp", "medium": "https://rema-product-images.digital.rema1000.dk/500781/1-medium-JzPJ5aBb9k.webp", "large": "https://rema-product-images.digital.rema1000.dk/500781/1-large-JzPJ5aBb9k.webp"}], "prices": [{"price": 59, "price_over_max_quantity": null, "max_quantity": null, "is_advertised": false, "is_campaign": false, "starting_at": "2024-06-27T00:00:00+00:00", "ending_at": "2099-12-31T00:00:00+00:00", "deposit": null, "compare_unit": "ltr", "compare_unit_price": 78.67, "consumption_unit": null, "consumption_quantity": null}], "temperature_zone": null, "is_self_scale_item": false, "is_weight_item": false, "is_available_in_all_stores": true, "is_batch_item": false}
{"id": 500786, "name": "UPENDO 13%", "underline": "75 CL. / CAPE RED", "age_limit": 18, "hazard_precaution_statements": [], "labels": [], "description": "<b>Upendo NV Cape Red</b> Fyldig rødvin med duft og smag af modne blommer, kirsebær, kryddernellike, lakrids og med en  fornemmelse af røg. Friskheden er på middel niveau og tanninerne er bløde. Velegnet til gryderetter,  barbecue og pasta med tomatsauce. Benyt gerne sødlige elementer i retten, som øger fornemmelsen af  friskhed i vinen. Vine er drikkeklar og bør ikke gemmes. Bør serveres ved 15°C", "info": "Oprindelsesland: Sydafrikanske Republik", "images": [{"small": "https://rema-product-images.digital.rema1000.dk/500786/1-small-A4Py2J6RoL.webp", "medium": "https://rema-product-images.digital.rema1000.dk/500786/1-medium-A4Py2J6RoL.webp", "large": "https://rema-product-images.digital.rema1000.dk/500786/1-large-A4Py2J6RoL.webp"}], "prices": [{"price": 39, "price_over_max_quantity": null, "max_quantity": null, "is_advertised": false, "is_campaign": false, "starting_at": "2022-10-06T00:00:00+00:00", "ending_at": "2099-12-31T00:00:00+00:00", "deposit": null, "compare_unit": "ltr", "compare_unit_price": 52, "consumption_unit": null, "consumption_quantity": null}], "temperature_zone": null, "is_self_scale_item": false, "is_weight_item": false, "is_available_in_all_stores": true, "is_batch_item": false}
{"id": 500787, "name": "UPENDO 12%", "underline": "75 CL. / CAPE WHITE", "age_limit": 18, "hazard_precaution_statements": [], "labels": [], "description": "<b>Upendo NV Cape White</b> Forholdsvis fyldig hvidvin med en fornemmelse af en let sødme. Duft og smag af røde æbler, modne  pærer, urter, citron og lakrids. Vinen er velegnet til fed fisk som f.eks. laks, lyst kød og fjerkræ, gerne  med en cremet sauce, der vil stå godt til vinens fornemmelse af fylde og lette sødme. Undgå syrlige  elementer i retten. Vine er drikkeklar og bør ikke gemmes. Bør serveres ved 7°C", "info": "Oprindelsesland: Sydafrikanske Republik", "images": [{"small": "https://rema-product-images.digital.rema1000.dk/500787/1-small-dyom61g7qV.webp", "medium": "https://rema-product-images.digital.rema1000.dk/500787/1-medium-dyom61g7qV.webp", "large": "https://rema-product-images.digital.rema1000.dk/500787/1-large-dyom61g7qV.webp"}], "prices": [{"price": 39, "price_over_max_quantity": null, "max_quantity": null, "is_advertised": false, "is_campaign": false, "starting_at": "2022-10-06T00:00:00+00:00", "ending_at": "2099-12-31T00:00:00+00:00", "deposit": null, "compare_unit": "ltr", "compare_unit_price": 52, "consumption_unit": null, "consumption_quantity": null}], "temperature_zone": null, "is_self_scale_item": false, "is_weight_item": false, "is_available_in_all_stores": true, "is_batch_item": false}
{"id": 500818, "name": "LE BON NEGOCIANT 13,5%", "underline": "75 CL. / CHARDONNAY", "age_limit": 18, "hazard_precaution_statements": [], "labels": [], "description": "<b>Le Bon Negociant Chardonnay</b> Fyldig og intens hvidvin fremstillet af Chardonnay-druer. Duft og smag er af modne gule æbler, melon  fersken, citrus, smør og lidt lakrids. Der er god friskhed i vinen, som er bredt anvendelig til fisk og  skaldyr samt retter med grøntsager, kylling og lyst kød. Benyt gerne smør eller fløde i tilbehøret, der  passer til vinens tyngde og fylde. Vinen er også god til faste oste. Vinen er drikkeklar og kan holde et par år frem. Bør serveres ved 7°C 93 Winewherever, Rasmus Christensen<br /> 91 Houlberg<br /> 91 Mad og Monopolet<br />", "info": "Oprindelsesland: Frankrig", "images": [{"small": "https://rema-product-images.digital.rema1000.dk/500818/1-small-2B94pr6v9k.webp", "medium": "https://rema-product-images.digital.rema1000.dk/500818/1-medium-2B94pr6v9k.webp", "large": "https://rema-product-images.digital.rema1000.dk/500818/1-large-2B94pr6v9k.webp"}], "prices": [{"price": 69, "price_over_max_quantity": null, "max_quantity": null, "is_advertised": false, "is_campaign": false, "starting_at": "2023-01-12T00:00:00+00:00", "ending_at": "2025-08-30T00:00:00+00:00", "deposit": null, "compare_unit": "ltr", "compare_unit_price": 92, "consumption_unit": null, "consumption_quantity": null}], "temperature_zone": null, "is_self_scale_item": false, "is_weight_item": false, "is_available_in_all_stores": true, "is_batch_item": false}
{"id": 500829, "name": "CHARLINE 12,5%", "underline": "75 CL. / ROSÉ", "age_limit": 18, "hazard_precaution_statements": [], "labels": [], "description": "<b>Charline Rosé </b> Frisk, mellemfyldig og lys rosévin med duft og smag af jordbær, hindbær, vandmelon og citron. Vinen er  bredt anvendeligt til grønt og salater, fisk og skaldyr, tapas, fjerkræ eller som aperitif. Benyt gerne citron  i retten, der står godt til vinens aromaer og som vil øge fornemmelsen af fylde i vinen. Vinen er drikkeklar og bør drikkes ung ved 7°C", "info": "Oprindelsesland: Frankrig", "images": [{"small": "https://rema-product-images.digital.rema1000.dk/500829/1-small-pYqx2Lk8P1.webp", "medium": "https://rema-product-images.digital.rema1000.dk/500829/1-medium-pYqx2Lk8P1.webp", "large": "https://rema-product-images.digital.rema1000.dk/500829/1-large-pYqx2Lk8P1.webp"}], "prices": [{"price": 59, "price_over_max_quantity": null, "max_quantity": null, "is_advertised": false, "is_campaign": false, "starting_at": "2024-04-04T00:00:00+00:00", "ending_at": "2099-12-31T00:00:00+00:00", "deposit": null, "compare_unit": "ltr", "compare_unit_price": 78.67, "consumption_unit": null, "consumption_quantity": null}], "temperature_zone": null, "is_self_scale_item": false, "is_weight_item": false, "is_available_in_all_stores": true, "is_batch_item": false}
{"id": 500831, "name": "TORRES SANGRE DE TORO 13,5%", "underline": "75 CL. / ORIGINAL", "age_limit": 18, "hazard_precaution_statements": [], "labels": [], "description": "<b>Torres Sangre de Toro original</b> Mellemfyldig og frisk rødvin med duft og smag af røde bær, kryddernellike og vanilje. Tanninindholdet er  middel og vinen er velegnet til grønsagsretter, pasta med tomatsauce eller lyst kød og fjerkræ. Benyt  gerne friskhed fra citron i retten, der understøtter vinens friskhed, og får den til at fornemmes fyldigere. Vinen er drikkeklar og bør nydes ung. Vinen bør serveres ved 16°C", "info": "Oprindelsesland: Spanien", "images": [{"small": "https://rema-product-images.digital.rema1000.dk/500831/1-small-01q275p497.webp", "medium": "https://rema-product-images.digital.rema1000.dk/500831/1-medium-01q275p497.webp", "large": "https://rema-product-images.digital.rema1000.dk/500831/1-large-01q275p497.webp"}], "prices": [{"price": 50, "price_over_max_quantity": null, "max_quantity": null, "is_advertised": false, "is_campaign": false, "starting_at": "2025-02-13T00:00:00+00:00", "ending_at": "2099-12-31T00:00:00+00:00", "deposit": null, "compare_unit": "ltr", "compare_unit_price": 66.67, "consumption_unit": null, "consumption_quantity": null}], "temperature_zone": null, "is_self_scale_item": false, "is_weight_item": false, "is_available_in_all_stores": true, "is_batch_item": false}
{"id": 500832, "name": "TORRES SANGRE DE TORO 12,5%", "underline": "75 CL. / ROSADO", "age_limit": 18, "hazard_precaution_statements": [], "labels": [], "description": "<b>Torres Sangre de Toro Rosado</b> Lys laksefarvet og forholdsvis let rosévin med duft og smag af jordbær, kirsebær, citron og lakrids.  Friskheden i vinen er middel og den er bredt anvendelig som aperitif, til salater og grønt, magre fisk,  skaldyr eller kylling. Vinen bør drikkes ung og bør serveres ved 7°C", "info": "Oprindelsesland: Spanien", "images": [{"small": "https://rema-product-images.digital.rema1000.dk/500832/1-small-nDPWrMdE9W.webp", "medium": "https://rema-product-images.digital.rema1000.dk/500832/1-medium-nDPWrMdE9W.webp", "large": "https://rema-product-images.digital.rema1000.dk/500832/1-large-nDPWrMdE9W.webp"}], "prices": [{"price": 50, "price_over_max_quantity": null, "max_quantity": null, "is_advertised": false, "is_campaign": false, "starting_at": "2025-02-13T00:00:00+00:00", "ending_at": "2099-12-31T00:00:00+00:00", "deposit": null, "compare_unit": "ltr", "compare_unit_price": 66.67, "consumption_unit": null, "consumption_quantity": null}], "temperature_zone": null, "is_self_scale_item": false, "is_weight_item": false, "is_available_in_all_stores": true, "is_batch_item": false}
{"id": 500833, "name": "TORRES SANGRE DE TORO 12%", "underline": "75 CL. / BLANCO", "age_limit": 18, "hazard_precaution_statements": [], "labels": [], "description": "<b>Torres Sangre de Toro Blanco</b> Frisk, tør og forholdsvis let hvidvin med duft og smag af grønne æbler, citron og lime. Velegnet til  grønsagsretter, magre fisk og skaldyr. Benyttes citrus eller eddike i retten vil det øge fornemmelsen af  fylde i vinen. Vinen bør drikkes ung og bør serveres ved 7°C", "info": "Oprindelsesland: Spanien", "images": [{"small": "https://rema-product-images.digital.rema1000.dk/500833/1-small-YLPjAzkM9k.webp", "medium": "https://rema-product-images.digital.rema1000.dk/500833/1-medium-YLPjAzkM9k.webp", "large": "https://rema-product-images.digital.rema1000.dk/500833/1-large-YLPjAzkM9k.webp"}], "prices": [{"price": 50, "price_over_max_quantity": null, "max_quantity": null, "is_advertised": false, "is_campaign": false, "starting_at": "2025-02-13T00:00:00+00:00", "ending_at": "2099-12-31T00:00:00+00:00", "deposit": null, "compare_unit": "ltr", "compare_unit_price": 66.67, "consumption_unit": null, "consumption_quantity": null}], "temperature_zone": null, "is_self_scale_item": false, "is_weight_item": false, "is_available_in_all_stores": true, "is_batch_item": false}
{"id": 500841, "name": "REVERCHON 11%", "underline": "75 CL. / RIESLING", "age_limit": 18, "hazard_precaution_statements": [], "labels": [], "description": "<b>Reverchon riesling </b> Meget frisk, forholdsvis let, intens og tør hvidvin fremstillet af Riesling-druer. Duft og smag er af pære,  æble, fersken, litche, lime og noget mineralsk. God til retter med gris, kylling, magre fisk, muslinger,  grønt som f.eks. asparges og salater. Benyt gerne citrusfrugt eller vineddike i retten, som støtter op om  vinens friskhed og øger oplevelsen af fylde i vinen. Vinen er drikkeklar og kan holde 3-4 år frem.", "info": "Oprindelsesland: Tyskland", "images": [{"small": "https://rema-product-images.digital.rema1000.dk/500841/1-small-we9EmZrJ9g.webp", "medium": "https://rema-product-images.digital.rema1000.dk/500841/1-medium-we9EmZrJ9g.webp", "large": "https://rema-product-images.digital.rema1000.dk/500841/1-large-we9EmZrJ9g.webp"}], "prices": [{"price": 89, "price_over_max_quantity": null, "max_quantity": null, "is_advertised": false, "is_campaign": false, "starting_at": "2025-03-06T00:00:00+00:00", "ending_at": "2099-12-31T00:00:00+00:00", "deposit": null, "compare_unit": "ltr", "compare_unit_price": 118.67, "consumption_unit": null, "consumption_quantity": null}], "temperature_zone": null, "is_self_scale_item": false, "is_weight_item": false, "is_available_in_all_stores": true, "is_batch_item": false}
{"id": 500846, "name": "CALI COAST 11,5%", "underline": "75 CL. / BLUSH", "age_limit": 18, "hazard_precaution_statements": [], "labels": [], "description": "<b>Cali Coast blush</b> Mellemfyldig rosévin med en fornemmelse af let sødme og duft og smag af modne jordbær, vandmelon  og citrusfrugter. Friskheden i vinen er middel. Den lette sødme gør vinen egnet til stærkt krydret mad  med grisekød, kylling eller fisk og skaldyr. Sødmen i vinen dæmper den stærke fornemmelse.  Vinen bør drikkes ung og serveres ved 7°C", "info": "Oprindelsesland: USA", "images": [{"small": "https://rema-product-images.digital.rema1000.dk/500846/1-small-kAonN3E3ox.webp", "medium": "https://rema-product-images.digital.rema1000.dk/500846/1-medium-kAonN3E3ox.webp", "large": "https://rema-product-images.digital.rema1000.dk/500846/1-large-kAonN3E3ox.webp"}], "prices": [{"price": 49, "price_over_max_quantity": null, "max_quantity": null, "is_advertised": false, "is_campaign": false, "starting_at": "2023-01-11T00:00:00+00:00", "ending_at": "2099-12-31T00:00:00+00:00", "deposit": null, "compare_unit": "ltr", "compare_unit_price": 65.33, "consumption_unit": null, "consumption_quantity": null}], "temperature_zone": null, "is_self_scale_item": false, "is_weight_item": false, "is_available_in_all_stores": true, "is_batch_item": false}
{"id": 500847, "name": "CALI COAST 10%", "underline": "75 CL. / MOSCATO", "age_limit": 18, "hazard_precaution_statements": [], "labels": [], "description": "<b>Cali Coast moscato</b> Forholdsvis fyldig og sød hvidvin fremstillet af Moscato-druer med duft og smag af moden fersken, pære,  druer og honning. Vinen er velegnet som en sød aperitif, til ikke alt for søde kager og desserter med  frugt. Vinen bør drikkes ung og serveres ved 7°C", "info": "Oprindelsesland: USA", "images": [{"small": "https://rema-product-images.digital.rema1000.dk/500847/1-small-3MoMg2v795.webp", "medium": "https://rema-product-images.digital.rema1000.dk/500847/1-medium-3MoMg2v795.webp", "large": "https://rema-product-images.digital.rema1000.dk/500847/1-large-3MoMg2v795.webp"}], "prices": [{"price": 49, "price_over_max_quantity": null, "max_quantity": null, "is_advertised": false, "is_campaign": false, "starting_at": "2023-01-11T00:00:00+00:00", "ending_at": "2099-12-31T00:00:00+00:00", "deposit": null, "compare_unit": "ltr", "compare_unit_price": 65.33, "consumption_unit": null, "consumption_quantity": null}], "temperature_zone": null, "is_self_scale_item": false, "is_weight_item": false, "is_available_in_all_stores": true, "is_batch_item": false}
{"id": 500849, "name": "CALI COAST 14,5%", "underline": "75 CL. / ZINFANDEL", "age_limit": 18, "hazard_precaution_statements": [], "labels": [], "description": "<b>Cali Coast zinfandel </b> Intens rødvin med fornemmelse af en let sødme og fremstillet af Zinfandel-druer. Duft og smag af modne  hindbær og brombær, fyldt mælkechokolade og vanilje. Friskheden i vinen er lav og tanninindholdet er  også lavt. Velegnet til retter med et sødmefuldt udtryk, som vil øge oplevelsen af friskhed i vinen, f.eks.  gryderetter med rodfrugter eller grillet kød med barbecue sauce. Vinen kan også klare en burger. Vinen er drikkeklar og vinder ikke ved lagring. Bør serveres ved 15°C ", "info": "Oprindelsesland: USA", "images": [{"small": "https://rema-product-images.digital.rema1000.dk/500849/1-small-xQq8a0Zz9Z.webp", "medium": "https://rema-product-images.digital.rema1000.dk/500849/1-medium-xQq8a0Zz9Z.webp", "large": "https://rema-product-images.digital.rema1000.dk/500849/1-large-xQq8a0Zz9Z.webp"}], "prices": [{"price": 49, "price_over_max_quantity": null, "max_quantity": null, "is_advertised": false, "is_campaign": false, "starting_at": "2023-01-12T00:00:00+00:00", "ending_at": "2099-12-31T00:00:00+00:00", "deposit": null, "compare_unit": "ltr", "compare_unit_price": 65.33, "consumption_unit": null, "consumption_quantity": null}], "temperature_zone": null, "is_self_scale_item": false, "is_weight_item": false, "is_available_in_all_stores": true, "is_batch_item": false}
{"id": 500867, "name": "LE BON NEGOCIANT 12%", "underline": "75 CL. / ROSÉ", "age_limit": 18, "hazard_precaution_statements": [], "labels": [], "description": "<b>Le Bon Negociant rosé</b> Tør, mellemfyldig og lys laksefarvet rosévin med duft og smag af hindbær, jordbær, citron og lidt  fersken. Vinen er frisk og bredt anvendelig til fisk og skaldyr, krydret mad, grønt og salater eller som et  glas i utide. Benyt gerne citronsaft i retten, der støtter op om vinens aroma og får vinen til at fornemmes  fyldigere. Vinen er drikkeklar og bør drikkes ung. Rosévinen bør serveres ved 7°C <br /> <br />", "info": "Oprindelsesland: Frankrig", "images": [{"small": "https://rema-product-images.digital.rema1000.dk/500867/1-small-MNqZGrBJ9A.webp", "medium": "https://rema-product-images.digital.rema1000.dk/500867/1-medium-MNqZGrBJ9A.webp", "large": "https://rema-product-images.digital.rema1000.dk/500867/1-large-MNqZGrBJ9A.webp"}], "prices": [{"price": 69, "price_over_max_quantity": null, "max_quantity": null, "is_advertised": false, "is_campaign": false, "starting_at": "2023-03-02T00:00:00+00:00", "ending_at": "2025-08-30T00:00:00+00:00", "deposit": null, "compare_unit": "ltr", "compare_unit_price": 92, "consumption_unit": null, "consumption_quantity": null}], "temperature_zone": null, "is_self_scale_item": false, "is_weight_item": false, "is_available_in_all_stores": true, "is_batch_item": false}
{"id": 500879, "name": "FAULKNER & ARCHER 12,5%", "underline": "75 CL. / SHIRAZ CABERNET SAUVIGNON", "age_limit": 18, "hazard_precaution_statements": [], "labels": [], "description": "<b>Faulkner & Archer Shiraz-Cabernet Sauvignon</b> Fyldig og intens rødvin med duft og smag af modne blommer, brombær, mynte, peber, lakrids og vanilje.  Friskheden er middel og tanninen er blød. Velegnet til stegt eller grillet oksekød, lam, vildt eller  gryderetter. Et sødmefuldt tilbehør vil øge oplevelsen af friskhed i vinen. Vine er drikkeklar og vinder ikke ved lagring. Bør serveres ved 16°C", "info": "Oprindelsesland: Australien", "images": [{"small": "https://rema-product-images.digital.rema1000.dk/500879/1-small-Gb9kJZ4dq7.webp", "medium": "https://rema-product-images.digital.rema1000.dk/500879/1-medium-Gb9kJZ4dq7.webp", "large": "https://rema-product-images.digital.rema1000.dk/500879/1-large-Gb9kJZ4dq7.webp"}], "prices": [{"price": 49, "price_over_max_quantity": null, "max_quantity": null, "is_advertised": false, "is_campaign": false, "starting_at": "2023-03-23T00:00:00+00:00", "ending_at": "2099-12-31T00:00:00+00:00", "deposit": null, "compare_unit": "ltr", "compare_unit_price": 65.33, "consumption_unit": null, "consumption_quantity": null}], "temperature_zone": null, "is_self_scale_item": false, "is_weight_item": false, "is_available_in_all_stores": true, "is_batch_item": false}
{"id": 500881, "name": "FREIXENET", "underline": "75 CL. / ROSÉ 0,0%", "age_limit": null, "hazard_precaution_statements": [], "labels": [], "description": null, "info": "Oprindelsesland: Spanien", "images": [{"small": "https://rema-product-images.digital.rema1000.dk/500881/1-small-JzPJ5akB9k.webp", "medium": "https://rema-product-images.digital.rema1000.dk/500881/1-medium-JzPJ5akB9k.webp", "large": "https://rema-product-images.digital.rema1000.dk/500881/1-large-JzPJ5akB9k.webp"}], "prices": [{"price": 49, "price_over_max_quantity": null, "max_quantity": null, "is_advertised": false, "is_campaign": false, "starting_at": "2025-03-06T00:00:00+00:00", "ending_at": "2099-12-31T00:00:00+00:00", "deposit": null, "compare_unit": "ltr", "compare_unit_price": 65.33, "consumption_unit": null, "consumption_quantity": null}], "temperature_zone": null, "is_self_scale_item": false, "is_weight_item": false, "is_available_in_all_stores": true, "is_batch_item": false}
{"id": 500889, "name": "PAUL MAS RESERVE 12,5%", "underline": "75 CL. / ROSÉ", "age_limit": 18, "hazard_precaution_statements": [], "labels": [], "description": "<b>Paul Mas reserve rosé </b> Lys laksefarvet, mellemfyldig og tør rosévin med duft og smag hindbær, jordbær, fersken, citron, urter  og lakrids. Der er god friskhed i vinen, og den er velegnet som aperitif, til salater, fisk og skaldyr, eller  fjerkræ. Benyt gerne krydderurter og citron i retten, der står godt til vinens aromaer. Citron giver også  fornemmelse af mere fylde i vinen: Vinen bør drikkes ung ved 7°C", "info": "Oprindelsesland: Frankrig", "images": [{"small": "https://rema-product-images.digital.rema1000.dk/500889/1-small-ElPBYekX9k.webp", "medium": "https://rema-product-images.digital.rema1000.dk/500889/1-medium-ElPBYekX9k.webp", "large": "https://rema-product-images.digital.rema1000.dk/500889/1-large-ElPBYekX9k.webp"}], "prices": [{"price": 59, "price_over_max_quantity": null, "max_quantity": null, "is_advertised": false, "is_campaign": false, "starting_at": "2025-08-01T00:00:00+00:00", "ending_at": "2099-12-31T00:00:00+00:00", "deposit": null, "compare_unit": "ltr", "compare_unit_price": 78.67, "consumption_unit": null, "consumption_quantity": null}], "temperature_zone": null, "is_self_scale_item": false, "is_weight_item": false, "is_available_in_all_stores": true, "is_batch_item": false}
{"id": 500907, "name": "THAT'S WHY ORIGINAL 13%", "underline": "75 CL. / VINO ROSSO", "age_limit": 18, "hazard_precaution_statements": [], "labels": [], "description": "<b>That's Why Vino Rosso</b> Mellemfyldig rødvin med duft og smag af røde kirsebær, mandler og lidt af mælkeprodukter. Friskheden  er middel og vinen har et forholdsvis lavt tanninindhold. Velegnet til pastaretter med tomatsauce, pizza  eller lette retter med lyst kød eller kylling. Vinen skal nydes ung, vinder ikke ved lagring og bør serveres ved 16°C", "info": "Oprindelsesland: Italien", "images": [{"small": "https://rema-product-images.digital.rema1000.dk/500907/1-small-v09g361x9A.webp", "medium": "https://rema-product-images.digital.rema1000.dk/500907/1-medium-v09g361x9A.webp", "large": "https://rema-product-images.digital.rema1000.dk/500907/1-large-v09g361x9A.webp"}], "prices": [{"price": 45, "price_over_max_quantity": null, "max_quantity": null, "is_advertised": false, "is_campaign": false, "starting_at": "2023-05-16T00:00:00+00:00", "ending_at": "2099-12-31T00:00:00+00:00", "deposit": null, "compare_unit": "ltr", "compare_unit_price": 60, "consumption_unit": null, "consumption_quantity": null}], "temperature_zone": null, "is_self_scale_item": false, "is_weight_item": false, "is_available_in_all_stores": true, "is_batch_item": false}
{"id": 500909, "name": "THAT'S WHY ORIGINAL 11,5%", "underline": "75 CL. / VINO BIANCO", "age_limit": 18, "hazard_precaution_statements": [], "labels": [], "description": "<b>That's Why Vino Bianco</b> Forholdsvis let hvidvin med let sødme. Duft og smag er af røde æbler, modne pærer og lidt citrus.  Friskheden er middel og vinen er velegnet til krydrede rettet med kylling og grøntsager. Chili kan vinen  også klare, hvor den lette sødme i vinen dæmper det stærke indtryk. Vinen skal nydes ung, vinder ikke ved lagring og bør serveres ved 7°C", "info": "Oprindelsesland: Italien", "images": [{"small": "https://rema-product-images.digital.rema1000.dk/500909/1-small-aboKgxNVop.webp", "medium": "https://rema-product-images.digital.rema1000.dk/500909/1-medium-aboKgxNVop.webp", "large": "https://rema-product-images.digital.rema1000.dk/500909/1-large-aboKgxNVop.webp"}], "prices": [{"price": 45, "price_over_max_quantity": null, "max_quantity": null, "is_advertised": false, "is_campaign": false, "starting_at": "2023-05-17T00:00:00+00:00", "ending_at": "2099-12-31T00:00:00+00:00", "deposit": null, "compare_unit": "ltr", "compare_unit_price": 60, "consumption_unit": null, "consumption_quantity": null}], "temperature_zone": null, "is_self_scale_item": false, "is_weight_item": false, "is_available_in_all_stores": true, "is_batch_item": false}
{"id": 500912, "name": "CAVE DU ROI DAGOBERT 12,5%", "underline": "75 CL. / RIESLING", "age_limit": 18, "hazard_precaution_statements": [], "labels": [], "description": "<b>Cave du Roi Dagobert Riesling</b> Frisk, aromatisk og forholdsvis let hvidvin fremstillet af Riesling-druer. I duften er der blomster. Smagen er af citron, æble og pære. Vinen er med sin friskhed  egnet til magre fisk med citron, til blåmuslinger, svinekød, kylling eller som aperitif. Kål fungerer også godt sammen med vinen. Vinen er drikkeklar og kan holde yderligere et par år frem. Bør serveres ved 8°C 5 stjerner i vinbladet juli 2021", "info": "Oprindelsesland: Frankrig", "images": [{"small": "https://rema-product-images.digital.rema1000.dk/500912/1-small-18oXgm0YPk.webp", "medium": "https://rema-product-images.digital.rema1000.dk/500912/1-medium-18oXgm0YPk.webp", "large": "https://rema-product-images.digital.rema1000.dk/500912/1-large-18oXgm0YPk.webp"}], "prices": [{"price": 65, "price_over_max_quantity": null, "max_quantity": null, "is_advertised": false, "is_campaign": false, "starting_at": "2023-10-05T00:00:00+00:00", "ending_at": "2025-08-30T00:00:00+00:00", "deposit": null, "compare_unit": "ltr", "compare_unit_price": 86.67, "consumption_unit": null, "consumption_quantity": null}], "temperature_zone": null, "is_self_scale_item": false, "is_weight_item": false, "is_available_in_all_stores": true, "is_batch_item": false}
{"id": 500915, "name": "S.C. VISTANA 11,5%", "underline": "75 CL. / SAUVIGNON BLANC", "age_limit": 18, "hazard_precaution_statements": [], "labels": [], "description": "<b>Santa Carolina Vistana Sauvignon Blanc</b> Forholdsvis intens, mellemfyldig hvidvin med duft og smag af lime, pære, passionsfrugt, krydderurter og  lidt af saltlakrids. Vinen er frisk og velegnet som aperitif, til gedeost, sushi, magre fisk, muslinger eller  grøntsagsretter. Benyt gerne krydderurter, citrus eller vin i retten, der passer til vinene aromaer og får  vinen til at fornemmes brødere.  Vinen er drikkeklar, vinder ikke ved lagring og bør serveres ved 7°C", "info": "Oprindelsesland: Chile", "images": [{"small": "https://rema-product-images.digital.rema1000.dk/500915/1-small-KpqRvL5yqL.webp", "medium": "https://rema-product-images.digital.rema1000.dk/500915/1-medium-KpqRvL5yqL.webp", "large": "https://rema-product-images.digital.rema1000.dk/500915/1-large-KpqRvL5yqL.webp"}], "prices": [{"price": 39, "price_over_max_quantity": null, "max_quantity": null, "is_advertised": false, "is_campaign": false, "starting_at": "2023-11-09T00:00:00+00:00", "ending_at": "2025-08-30T00:00:00+00:00", "deposit": null, "compare_unit": "ltr", "compare_unit_price": 52, "consumption_unit": null, "consumption_quantity": null}], "temperature_zone": null, "is_self_scale_item": false, "is_weight_item": false, "is_available_in_all_stores": true, "is_batch_item": false}
{"id": 500952, "name": "MASCA DEL TACCO 16%", "underline": "75 CL. / PRIMITIVO", "age_limit": 18, "hazard_precaution_statements": [], "labels": [], "description": "<b>Masca del Tacco Primitivo </b> Fyldig og meget intens rødvin fremstillet af Primitivo-druer. Duft og smag er af moden og tørret frugt af  brombær, kirsebær og blommer samt af mørk chokolade, kaffe og tørrede krydderier. Friskheden er  middel, og der er en fornemmelse af let sødme i den tørre vin. Tanninniveauet er på lidt mere end middel  niveau. Velegnet til gryderetter, stegt eller grillet grisekød, and eller dyrevildt. Et sødmefuldt tilbehør vil  øge fornemmelse af friskhed i vinen. Vinen er drikkeklar, kan holde 3-4 år frem og bør serveres let afkølet ved 14°C 98/99 Best Italian Wines Annuario<br /> 4,2/5,0 Vivino<br />", "info": "Oprindelsesland: Italien", "images": [{"small": "https://rema-product-images.digital.rema1000.dk/500952/1-small-NpP7rKJ29O.webp", "medium": "https://rema-product-images.digital.rema1000.dk/500952/1-medium-NpP7rKJ29O.webp", "large": "https://rema-product-images.digital.rema1000.dk/500952/1-large-NpP7rKJ29O.webp"}], "prices": [{"price": 99, "price_over_max_quantity": null, "max_quantity": null, "is_advertised": false, "is_campaign": false, "starting_at": "2023-06-29T00:00:00+00:00", "ending_at": "2099-12-31T00:00:00+00:00", "deposit": null, "compare_unit": "ltr", "compare_unit_price": 132, "consumption_unit": null, "consumption_quantity": null}], "temperature_zone": null, "is_self_scale_item": false, "is_weight_item": false, "is_available_in_all_stores": true, "is_batch_item": false}
{"id": 500962, "name": "LZC 13,5%", "underline": "75 CL. / PINOT NOIR", "age_limit": 18, "hazard_precaution_statements": [], "labels": [], "description": "<b>LZC Pinot Noir</b> Forholdsvis fyldig rødvin fremstillet af Pinot Noir-druer. Duft og smag er af modne kirsebær, jordbær,  vanilje, kryddernellike og lakrids. Der er en fornemmelse af en let sødme i den tørre vin, der samtidig har  en god friskhed. Tanninindholdet er lavt og vinen er velegnet til stegt grisekød, fjerkræ, grøntsagsretter  eller pasta og pizza med tomatsauce. En smule sødme i retten vil øge fornemmelsen af friskhed i vinen.  Vinen er drikkeklar, vinder ikke ved lagring og bør serveres ved 15°C", "info": "Oprindelsesland: USA", "images": [{"small": "https://rema-product-images.digital.rema1000.dk/500962/1-small-2B94pr2X9k.webp", "medium": "https://rema-product-images.digital.rema1000.dk/500962/1-medium-2B94pr2X9k.webp", "large": "https://rema-product-images.digital.rema1000.dk/500962/1-large-2B94pr2X9k.webp"}], "prices": [{"price": 59, "price_over_max_quantity": null, "max_quantity": null, "is_advertised": false, "is_campaign": false, "starting_at": "2025-04-24T00:00:00+00:00", "ending_at": "2099-12-31T00:00:00+00:00", "deposit": null, "compare_unit": "ltr", "compare_unit_price": 78.67, "consumption_unit": null, "consumption_quantity": null}], "temperature_zone": null, "is_self_scale_item": false, "is_weight_item": false, "is_available_in_all_stores": true, "is_batch_item": false}
{"id": 500979, "name": "ALTAMAR 13%", "underline": "75 CL. / VERDEJO", "age_limit": 18, "hazard_precaution_statements": [], "labels": [], "description": "<b>Altamar Verdejo</b> Frisk, mellemfyldig og tør hvidvin fremstillet af Verdejo-druer. Duft og smag er af citron, grapefrugt,  pære, grønt æble og krydderurter. En bredt anvendelig hvidvin som aperitif, til lyst kød, kylling, salater,  sushi, magre fisk eller gedeoste. Benyt gerne citrus og krydderurter i retten, der øger fornemmelsen af  fylde og passer til vinens aromaer. Vinen er drikkeklar, bør nydes ung og serveres ved 7°C", "info": "Oprindelsesland: Spanien", "images": [{"small": "https://rema-product-images.digital.rema1000.dk/500979/1-small-Gb9kJZeNq7.webp", "medium": "https://rema-product-images.digital.rema1000.dk/500979/1-medium-Gb9kJZeNq7.webp", "large": "https://rema-product-images.digital.rema1000.dk/500979/1-large-Gb9kJZeNq7.webp"}], "prices": [{"price": 39, "price_over_max_quantity": null, "max_quantity": null, "is_advertised": false, "is_campaign": false, "starting_at": "2023-09-22T00:00:00+00:00", "ending_at": "2099-12-31T00:00:00+00:00", "deposit": null, "compare_unit": "ltr", "compare_unit_price": 52, "consumption_unit": null, "consumption_quantity": null}], "temperature_zone": null, "is_self_scale_item": false, "is_weight_item": false, "is_available_in_all_stores": true, "is_batch_item": false}
{"id": 500986, "name": "XAVIER 14,5%", "underline": "75 CL. / COTES DU RHONE", "age_limit": 18, "hazard_precaution_statements": [], "labels": [], "description": "<b>Xavier Cotes Du Rhone</b> Intens og fyldig rødvin med duft og smag af brombær, hindbær, blommer, krydderurter, peber og søde  krydderier. Der er god friskhed i vinen og tanninen er på lidt mere end medium niveau. Vinen er bredt  anvendelig til grisekød, lam, vildt, fuglevildt og gryderetter. Et sødmefuldt tilbehør øger fornemmelsen af  friskhed i vinen og fløde eller smør i retten vil stå godt til vinens fyldige karakter. Vinen er drikkeklar, kan holde 2-3 år frem og bør serveres ved 15°C", "info": "Oprindelsesland: Frankrig", "images": [{"small": "https://rema-product-images.digital.rema1000.dk/500986/1-small-A4Py2JLloL.webp", "medium": "https://rema-product-images.digital.rema1000.dk/500986/1-medium-A4Py2JLloL.webp", "large": "https://rema-product-images.digital.rema1000.dk/500986/1-large-A4Py2JLloL.webp"}], "prices": [{"price": 69, "price_over_max_quantity": null, "max_quantity": null, "is_advertised": false, "is_campaign": false, "starting_at": "2023-09-29T00:00:00+00:00", "ending_at": "2025-08-30T00:00:00+00:00", "deposit": null, "compare_unit": "ltr", "compare_unit_price": 92, "consumption_unit": null, "consumption_quantity": null}], "temperature_zone": null, "is_self_scale_item": false, "is_weight_item": false, "is_available_in_all_stores": true, "is_batch_item": false}
{"id": 500990, "name": "GUSTUS 13%", "underline": "3 LTR. / CHENIN BLANC", "age_limit": 18, "hazard_precaution_statements": [], "labels": [], "description": "<b>Gustus Chenin Blanc</b> Mellemfyldig og tør hvidvin fremstillet af Chenin Blanc-druer. Duft og smag er af fersken, pære og citron.  Der er god friskhed i vinen, der er velegnet til fisk og skaldyr, salater eller kylling. Hvis der indgår citron i  retten passer det til vinens aromaer og får vinen til at fornemmes fyldigere. Vinen kan også nydes uden mad. Vinen er drikkeklar og bør serveres ved 7°C", "info": "Oprindelsesland: Sydafrikanske Republik", "images": [{"small": "https://rema-product-images.digital.rema1000.dk/500990/1-small-kAonN3aBox.webp", "medium": "https://rema-product-images.digital.rema1000.dk/500990/1-medium-kAonN3aBox.webp", "large": "https://rema-product-images.digital.rema1000.dk/500990/1-large-kAonN3aBox.webp"}], "prices": [{"price": 125, "price_over_max_quantity": null, "max_quantity": null, "is_advertised": false, "is_campaign": false, "starting_at": "2023-11-01T00:00:00+00:00", "ending_at": "2025-08-31T00:00:00+00:00", "deposit": null, "compare_unit": "ltr", "compare_unit_price": 41.67, "consumption_unit": null, "consumption_quantity": null}], "temperature_zone": null, "is_self_scale_item": false, "is_weight_item": false, "is_available_in_all_stores": true, "is_batch_item": false}
{"id": 500991, "name": "GUSTUS 15%", "underline": "3 LTR. / SMOOTH RED BLEND", "age_limit": 18, "hazard_precaution_statements": [], "labels": [], "description": "<b>Gustus Smooth Red Blend</b> Fyldig rødvin med en fornemmelse af let sødme og med duft og smag af kirsebær, blommer, lakrids og  chokolade. Friskheden er på middel niveau og tanninen er blød. Bredt anvendelig til stegt eller grillet lyst  og mørkt kød eller gryderetter med rodfrugter. Sødmen fra rodfrugterne vil trække friskhed frem i vinen,  og vil få vin og mad til at harmonere. Vinen er drikkeklar og bør serveres ved 15°C 32% Pinotage, 15% Grenache, Ruby Cab 12%, Cinsaut 8%, Barbera 8%, Mouvedre 6%, Cab Franc 1%, 1% Shiraz,  11% Tinta Barocca, 7% Cab Franc WO Western Cape", "info": "Oprindelsesland: Sydafrikanske Republik", "images": [{"small": "https://rema-product-images.digital.rema1000.dk/500991/1-small-3MoMg2xQ95.webp", "medium": "https://rema-product-images.digital.rema1000.dk/500991/1-medium-3MoMg2xQ95.webp", "large": "https://rema-product-images.digital.rema1000.dk/500991/1-large-3MoMg2xQ95.webp"}], "prices": [{"price": 125, "price_over_max_quantity": null, "max_quantity": null, "is_advertised": false, "is_campaign": false, "starting_at": "2023-11-01T00:00:00+00:00", "ending_at": "2025-08-31T00:00:00+00:00", "deposit": null, "compare_unit": "ltr", "compare_unit_price": 41.67, "consumption_unit": null, "consumption_quantity": null}], "temperature_zone": null, "is_self_scale_item": false, "is_weight_item": false, "is_available_in_all_stores": true, "is_batch_item": false}
{"id": 50100, "name": "EXTRA", "underline": "400 GR. / BKI", "age_limit": null, "hazard_precaution_statements": [], "labels": [], "description": "Malet kaffe af bønner fra de bedste kaffeområder i verden", "info": "", "images": [{"small": "https://rema-product-images.digital.rema1000.dk/50100/1-small-xePwAk8qw8.webp", "medium": "https://rema-product-images.digital.rema1000.dk/50100/1-medium-xePwAk8qw8.webp", "large": "https://rema-product-images.digital.rema1000.dk/50100/1-large-xePwAk8qw8.webp"}], "prices": [{"price": 69.95, "price_over_max_quantity": null, "max_quantity": null, "is_advertised": false, "is_campaign": false, "starting_at": "2025-06-05T00:00:00+00:00", "ending_at": "2025-09-06T00:00:00+00:00", "deposit": null, "compare_unit": "kg", "compare_unit_price": 174.88, "consumption_unit": null, "consumption_quantity": null}], "temperature_zone": null, "is_self_scale_item": false, "is_weight_item": false, "is_available_in_all_stores": true, "is_batch_item": false}
{"id": 501000, "name": "VANESA 14%", "underline": "3 LTR. / MONASTRELL", "age_limit": 18, "hazard_precaution_statements": [], "labels": [{"id": 5, "name": "Økologi", "image": "https://static-assets.digital.rema1000.dk/product/labels/5-64.webp"}], "description": "<b>Vanesa Monastrell organic (3 ltr. Bag in box)</b> Mellemfyldig og krydret rødvin fremstillet af økologisk dyrkede Monastrell-druer. Duft og smag er af hindbær, kirsebær, krydderier og lakrids. Vinen har  middel friskhed og et godt niveau af garvesyre, der gør den velegnet til stegt kød, f.eks. lammekød med krydderurter og tørrede krydderier eller oksekød  uden for sødt tilbehør. Vinen er drikkeklar og bør serveres ved 16°C.", "info": "Oprindelsesland: Spanien", "images": [{"small": "https://rema-product-images.digital.rema1000.dk/501000/1-small-xePw0kLvow.webp", "medium": "https://rema-product-images.digital.rema1000.dk/501000/1-medium-xePw0kLvow.webp", "large": "https://rema-product-images.digital.rema1000.dk/501000/1-large-xePw0kLvow.webp"}], "prices": [{"price": 119, "price_over_max_quantity": null, "max_quantity": null, "is_advertised": false, "is_campaign": false, "starting_at": "2023-01-05T00:00:00+00:00", "ending_at": "2025-08-30T00:00:00+00:00", "deposit": null, "compare_unit": "ltr", "compare_unit_price": 39.67, "consumption_unit": null, "consumption_quantity": null}], "temperature_zone": null, "is_self_scale_item": false, "is_weight_item": false, "is_available_in_all_stores": true, "is_batch_item": false}
{"id": 501007, "name": "THE ZIN 13%", "underline": "3 LTR. / CHARDONNAY", "age_limit": 18, "hazard_precaution_statements": [], "labels": [], "description": "<b>The Zin Chardonnay (3.ltr. BIB)</b> Forholdsvis fyldig og tør hvidvin fremstillet af Chardonnay-druer. Duft og smag er af fersken, melon, vanilje, lidt af flødekaramel og af lakrids. Vinen er  forholdsvis frisk, og egnet til stegt fisk, rejer, salater og kylling. Hvis der indgår smør eller fløde i retten, så passer det til vinens fyldige karakter.", "info": "Oprindelsesland: USA", "images": [{"small": "https://rema-product-images.digital.rema1000.dk/501007/1-small-v09g36Yn9A.webp", "medium": "https://rema-product-images.digital.rema1000.dk/501007/1-medium-v09g36Yn9A.webp", "large": "https://rema-product-images.digital.rema1000.dk/501007/1-large-v09g36Yn9A.webp"}], "prices": [{"price": 135, "price_over_max_quantity": null, "max_quantity": null, "is_advertised": false, "is_campaign": false, "starting_at": "2022-10-06T00:00:00+00:00", "ending_at": "2025-08-23T00:00:00+00:00", "deposit": null, "compare_unit": "ltr", "compare_unit_price": 45, "consumption_unit": null, "consumption_quantity": null}], "temperature_zone": null, "is_self_scale_item": false, "is_weight_item": false, "is_available_in_all_stores": true, "is_batch_item": false}
{"id": 501010, "name": "THE ZIN 11,5%", "underline": "3 LTR. / ROSÉ", "age_limit": 18, "hazard_precaution_statements": [], "labels": [], "description": "<b>The Zin Rosé BIB, California</b> Lys laksefarvet, forholdsvis let og tør rosévin fremstillet på Zinfandel-druer. Duft og smag af modne  jordbær, citrus og urter. Vinen er frisk, og er bredt anvendelig til tapas, magre fisk, skaldyr, krydret mad  med chili eller karry, salater eller som aperitif.", "info": "Oprindelsesland: USA", "images": [{"small": "https://rema-product-images.digital.rema1000.dk/501010/1-small-Al90MnwGP8.webp", "medium": "https://rema-product-images.digital.rema1000.dk/501010/1-medium-Al90MnwGP8.webp", "large": "https://rema-product-images.digital.rema1000.dk/501010/1-large-Al90MnwGP8.webp"}], "prices": [{"price": 135, "price_over_max_quantity": null, "max_quantity": null, "is_advertised": false, "is_campaign": false, "starting_at": "2022-10-06T00:00:00+00:00", "ending_at": "2025-08-23T00:00:00+00:00", "deposit": null, "compare_unit": "ltr", "compare_unit_price": 45, "consumption_unit": null, "consumption_quantity": null}], "temperature_zone": null, "is_self_scale_item": false, "is_weight_item": false, "is_available_in_all_stores": true, "is_batch_item": false}
{"id": 501014, "name": "VILLA BORGHETTI 13,5%", "underline": "75 CL. / LAPACCINO ROSSO", "age_limit": 18, "hazard_precaution_statements": [], "labels": [], "description": "<b>Villa Borghetti Lapaccino Vino Rosso</b> Fyldig rødvin med smag af blomme, kirsebær, mandel og saltlakrids. Bredt anvendelig til gryderetter, pastaretter med tomatsauce og pizza.", "info": "Oprindelsesland: Italien", "images": [{"small": "https://rema-product-images.digital.rema1000.dk/501014/1-small-3MovQGLkPA.webp", "medium": "https://rema-product-images.digital.rema1000.dk/501014/1-medium-3MovQGLkPA.webp", "large": "https://rema-product-images.digital.rema1000.dk/501014/1-large-3MovQGLkPA.webp"}], "prices": [{"price": 49, "price_over_max_quantity": null, "max_quantity": null, "is_advertised": false, "is_campaign": false, "starting_at": "2023-09-07T00:00:00+00:00", "ending_at": "2025-08-30T00:00:00+00:00", "deposit": null, "compare_unit": "ltr", "compare_unit_price": 65.33, "consumption_unit": null, "consumption_quantity": null}], "temperature_zone": null, "is_self_scale_item": false, "is_weight_item": false, "is_available_in_all_stores": true, "is_batch_item": false}
{"id": 501021, "name": "EL SENVINO 11,5%", "underline": "37.5 CL. / SAUVIGNON BLANC", "age_limit": 18, "hazard_precaution_statements": [], "labels": [], "description": "<b>El Senvino Sauvignon Blanc-Airèn (37,5 cl)</b> Frisk hvidvin fremstillet af Sauvignon Blanc og Airèn- druer. Duft og smag er af citron, lidt umoden melon, grønne æbler og krydderurter. Vinen er velegnet til  mager fisk, muslinger, kylling eller salater. Hvis der indgår krydderurter og citron, passer det til vinens aromaer. Vinen bør drikkes ung og bør serveres ved 8°C", "info": "Oprindelsesland: Spanien", "images": [{"small": "https://rema-product-images.digital.rema1000.dk/501021/1-small-bJ9Yp8gkqL.webp", "medium": "https://rema-product-images.digital.rema1000.dk/501021/1-medium-bJ9Yp8gkqL.webp", "large": "https://rema-product-images.digital.rema1000.dk/501021/1-large-bJ9Yp8gkqL.webp"}], "prices": [{"price": 23, "price_over_max_quantity": null, "max_quantity": null, "is_advertised": false, "is_campaign": false, "starting_at": "2023-01-05T00:00:00+00:00", "ending_at": "2099-12-31T00:00:00+00:00", "deposit": null, "compare_unit": "ltr", "compare_unit_price": 61.33, "consumption_unit": null, "consumption_quantity": null}], "temperature_zone": null, "is_self_scale_item": false, "is_weight_item": false, "is_available_in_all_stores": true, "is_batch_item": false}
{"id": 501024, "name": "ALTAMAR 12,5%", "underline": "75 CL. / ROSÉ", "age_limit": 18, "hazard_precaution_statements": [], "labels": [], "description": "<b>Altamar rosé</b> Laksefarvet, tør og forholdsvis let rosévin med duft og smag af hindbær, jordbær, citron og lakrids. Der  er god friskhed i vinen, der er bredt anvendeligt som aperitif, til tapas, sushi, magre fisk eller salater og  grøntsagsretter. Benyt gerne citrus i retten eller dressingen, der vil stå godt til vinens aromaer og som vil  give en fornemmelse af øget fylde i vinen. Vinen bør drikkes ung ved 7°C", "info": "Oprindelsesland: Spanien", "images": [{"small": "https://rema-product-images.digital.rema1000.dk/501024/1-small-vXod3A47P3.webp", "medium": "https://rema-product-images.digital.rema1000.dk/501024/1-medium-vXod3A47P3.webp", "large": "https://rema-product-images.digital.rema1000.dk/501024/1-large-vXod3A47P3.webp"}], "prices": [{"price": 39, "price_over_max_quantity": null, "max_quantity": null, "is_advertised": false, "is_campaign": false, "starting_at": "2023-12-11T00:00:00+00:00", "ending_at": "2099-12-31T00:00:00+00:00", "deposit": null, "compare_unit": "ltr", "compare_unit_price": 52, "consumption_unit": null, "consumption_quantity": null}], "temperature_zone": null, "is_self_scale_item": false, "is_weight_item": false, "is_available_in_all_stores": true, "is_batch_item": false}
{"id": 501026, "name": "EL SENVINO 13%", "underline": "37.5 CL. / TEMPRANILLO MERLOT", "age_limit": 18, "hazard_precaution_statements": [], "labels": [], "description": "<b>El Senvino Tempranillo Merlot (37,5 cl)</b> Mellemfyldig rødvin fremstillet af Tempranillo-druer. Duft og smag er af hindbær, solbær og lakrids. Friskheden og garvesyren er på middelniveau og  vinen er velegnet til stegt lyst kød uden for sødligt tilbehør eller til kylling. Vinen bør drikkes ung og bør serveres ved 16°C", "info": "Oprindelsesland: Spanien", "images": [{"small": "https://rema-product-images.digital.rema1000.dk/501026/1-small-kOq3X8MN96.webp", "medium": "https://rema-product-images.digital.rema1000.dk/501026/1-medium-kOq3X8MN96.webp", "large": "https://rema-product-images.digital.rema1000.dk/501026/1-large-kOq3X8MN96.webp"}], "prices": [{"price": 23, "price_over_max_quantity": null, "max_quantity": null, "is_advertised": false, "is_campaign": false, "starting_at": "2023-01-05T00:00:00+00:00", "ending_at": "2099-12-31T00:00:00+00:00", "deposit": null, "compare_unit": "ltr", "compare_unit_price": 61.33, "consumption_unit": null, "consumption_quantity": null}], "temperature_zone": null, "is_self_scale_item": false, "is_weight_item": false, "is_available_in_all_stores": true, "is_batch_item": false}
{"id": 501029, "name": "EL SENVINO 12%", "underline": "37.5 CL. / ROSÉ", "age_limit": 18, "hazard_precaution_statements": [], "labels": [], "description": "<b>El Senvino Rosé (37,5 cl)</b> Lys, let og frisk rosévin. Duft og smag er af jordbær, hindbær og citron. Rosévinen er meget anvendelig til mange forskellige retter, f.eks. salater,  tapas, fjerkræ og lyst kød, fisk eller til krydret mad, hvor friskheden renser op i mundhulen. Oplagt til en picnic for to i det grønne. Vin bør drikkes ung ved 8°C", "info": "Oprindelsesland: Spanien", "images": [{"small": "https://rema-product-images.digital.rema1000.dk/501029/1-small-pYqx2LOnP1.webp", "medium": "https://rema-product-images.digital.rema1000.dk/501029/1-medium-pYqx2LOnP1.webp", "large": "https://rema-product-images.digital.rema1000.dk/501029/1-large-pYqx2LOnP1.webp"}], "prices": [{"price": 23, "price_over_max_quantity": null, "max_quantity": null, "is_advertised": false, "is_campaign": false, "starting_at": "2023-01-05T00:00:00+00:00", "ending_at": "2099-12-31T00:00:00+00:00", "deposit": null, "compare_unit": "ltr", "compare_unit_price": 61.33, "consumption_unit": null, "consumption_quantity": null}], "temperature_zone": null, "is_self_scale_item": false, "is_weight_item": false, "is_available_in_all_stores": true, "is_batch_item": false}
{"id": 501065, "name": "GUSTUS SPECIAL RESERVE 13,5%", "underline": "75 CL. / CHENIN BLANC", "age_limit": 18, "hazard_precaution_statements": [], "labels": [], "description": "<b>Gustus Special Reserve Chenin Blanc</b> Tør, intens og forholdsvis fyldig tør hvidvin fremstillet af Chenin Blanc-druer. Duft og smag er af æble,  pære, fersken, citron og lime. Vinen er frisk og er velegnet som aperitif, til fisk og skaldyr,  grøntsagsretter eller kylling. Benyt gerne citron i retten, der understøtter vinens aromaer og som vil øge  fornemmelsen af fylde i vinen.  Vinen er drikkeklar, holde et par år frem og bør serveres ved 7°C \"Meget god\" & ”En supervin til prisen. Køb - køb.” på www.vinbladet.dk<br /> 91 point WineWherEver<br /> 5 stjerner: Danishwinetaster <br /> 5 glas på www.spritnyt.com<br />  ", "info": "Oprindelsesland: Sydafrikanske Republik", "images": [{"small": "https://rema-product-images.digital.rema1000.dk/501065/1-small-bJ9Yp82kqL.webp", "medium": "https://rema-product-images.digital.rema1000.dk/501065/1-medium-bJ9Yp82kqL.webp", "large": "https://rema-product-images.digital.rema1000.dk/501065/1-large-bJ9Yp82kqL.webp"}], "prices": [{"price": 69, "price_over_max_quantity": null, "max_quantity": null, "is_advertised": false, "is_campaign": false, "starting_at": "2024-06-20T00:00:00+00:00", "ending_at": "2025-08-30T00:00:00+00:00", "deposit": null, "compare_unit": "ltr", "compare_unit_price": 92, "consumption_unit": null, "consumption_quantity": null}], "temperature_zone": null, "is_self_scale_item": false, "is_weight_item": false, "is_available_in_all_stores": true, "is_batch_item": false}
{"id": 501066, "name": "GUSTUS SPECIAL RESERVE 14,5%", "underline": "75 CL. / SHIRAZ", "age_limit": 18, "hazard_precaution_statements": [], "labels": [], "description": "<b>Gustus Special Reserve Shiraz</b> Tør, intens og fyldig rødvin fremstillet af Shiraz-druer. Duft og smag er af modne brombær, boysenbær,  sorte kirsebær samt sort peber, mørk chokolade og vanilje. Der er god friskhed i vinen og  tanninindholdet er højt, men vinen opleves som blød. Velegnet til stegt oksekød, lam eller dyrevildt.  Frugten fremstår moden og vinen kan klare lidt sødme i tilbehøret og stadig opfattes som frisk. Vinen er drikkeklar, kan holde et par år frem og bør serveres ved 16°C 93 point WineWherEver<br /> 5 stjerner: Danishwinetaster <br /> 5 glas på www.spritnyt.com<br /> Anbefalet af VineXpressen<br />", "info": "Oprindelsesland: Sydafrikanske Republik", "images": [{"small": "https://rema-product-images.digital.rema1000.dk/501066/1-small-pyozJwmwoX.webp", "medium": "https://rema-product-images.digital.rema1000.dk/501066/1-medium-pyozJwmwoX.webp", "large": "https://rema-product-images.digital.rema1000.dk/501066/1-large-pyozJwmwoX.webp"}], "prices": [{"price": 69, "price_over_max_quantity": null, "max_quantity": null, "is_advertised": false, "is_campaign": false, "starting_at": "2024-06-20T00:00:00+00:00", "ending_at": "2025-08-30T00:00:00+00:00", "deposit": null, "compare_unit": "ltr", "compare_unit_price": 92, "consumption_unit": null, "consumption_quantity": null}], "temperature_zone": null, "is_self_scale_item": false, "is_weight_item": false, "is_available_in_all_stores": true, "is_batch_item": false}
{"id": 501077, "name": "KÖNIGSMOSEL 8,5%", "underline": "75 CL. / RIESLING", "age_limit": 18, "hazard_precaution_statements": [], "labels": [], "description": "<b>Königsmosel Riesling</b> Intens hvidvin med sødme fremstillet af Riesling-druer. Duft og smag er af moden frugt som pære, æble,  litchi samt noget floralt. Der er god friskhed i vinen, selvom den har sødme. Velegnet som en sødlig  aperitif eller til krydret og stærk mad, hvor sødmen vil dæmpe det stærke og krydrede indtryk.  Vinen er drikkeklar, vinder ikke ved lagring og bør serveres ved 7°C", "info": "Oprindelsesland: Tyskland", "images": [{"small": "https://rema-product-images.digital.rema1000.dk/501077/1-small-YLPjAz3A9k.webp", "medium": "https://rema-product-images.digital.rema1000.dk/501077/1-medium-YLPjAz3A9k.webp", "large": "https://rema-product-images.digital.rema1000.dk/501077/1-large-YLPjAz3A9k.webp"}], "prices": [{"price": 50, "price_over_max_quantity": null, "max_quantity": null, "is_advertised": false, "is_campaign": false, "starting_at": "2024-02-07T00:00:00+00:00", "ending_at": "2099-12-31T00:00:00+00:00", "deposit": null, "compare_unit": "ltr", "compare_unit_price": 66.67, "consumption_unit": null, "consumption_quantity": null}], "temperature_zone": null, "is_self_scale_item": false, "is_weight_item": false, "is_available_in_all_stores": true, "is_batch_item": false}
{"id": 501079, "name": "CHEMIN DES ROSES 12,5%", "underline": "75 CL.", "age_limit": 18, "hazard_precaution_statements": [], "labels": [], "description": "<b>Chemin des Roses</b> Tør, mellemfyldig og lys laksefarvet rosévin med duft og smag af jordbær, hindbær, citron, røde bolsjer  og lidt anis. Rosévinen er frisk og velegnet som aperitif, til fisk, muslinger, fjerkræ, grøntsagsretter og  salater. Benyt gerne citrus i retten, der vil øge oplevelsen af fylde i vinen.  Vinen er drikkeklar og bør nydes ung ved 7°C", "info": "Oprindelsesland: Frankrig", "images": [{"small": "https://rema-product-images.digital.rema1000.dk/501079/1-small-Gb9kJZOmq7.webp", "medium": "https://rema-product-images.digital.rema1000.dk/501079/1-medium-Gb9kJZOmq7.webp", "large": "https://rema-product-images.digital.rema1000.dk/501079/1-large-Gb9kJZOmq7.webp"}], "prices": [{"price": 50, "price_over_max_quantity": null, "max_quantity": null, "is_advertised": false, "is_campaign": false, "starting_at": "2024-02-27T00:00:00+00:00", "ending_at": "2099-12-31T00:00:00+00:00", "deposit": null, "compare_unit": "ltr", "compare_unit_price": 66.67, "consumption_unit": null, "consumption_quantity": null}], "temperature_zone": null, "is_self_scale_item": false, "is_weight_item": false, "is_available_in_all_stores": true, "is_batch_item": false}
{"id": 501082, "name": "MAJANO 12%", "underline": "3 LTR. / ROSÉ", "age_limit": 18, "hazard_precaution_statements": [], "labels": [], "description": "<b>Majano rosé</b> Tør, mellemfyldig og lys laksefarvet rosévin. Duft og smag er af jordbær, citron og krydderurter. Vinen er  frisk og bredt anvendelig som aperitif, til fisk, skaldyr, salater og grøntsagsretter. Hvis citron og  krydderurter indgår i retten, så passer det til vinens aromaer. Vinen er drikkeklar og bør serveres ved 7°C", "info": "Oprindelsesland: Spanien", "images": [{"small": "https://rema-product-images.digital.rema1000.dk/501082/1-small-MBoNvWGmov.webp", "medium": "https://rema-product-images.digital.rema1000.dk/501082/1-medium-MBoNvWGmov.webp", "large": "https://rema-product-images.digital.rema1000.dk/501082/1-large-MBoNvWGmov.webp"}], "prices": [{"price": 109, "price_over_max_quantity": null, "max_quantity": null, "is_advertised": false, "is_campaign": false, "starting_at": "2024-02-27T00:00:00+00:00", "ending_at": "2025-08-23T00:00:00+00:00", "deposit": null, "compare_unit": "ltr", "compare_unit_price": 36.33, "consumption_unit": null, "consumption_quantity": null}], "temperature_zone": null, "is_self_scale_item": false, "is_weight_item": false, "is_available_in_all_stores": true, "is_batch_item": false}
{"id": 501097, "name": "PASQUA MUCCHIETTO 13%", "underline": "75 CL. / CHARDONNAY-GRILLO", "age_limit": 18, "hazard_precaution_statements": [], "labels": [{"id": 5, "name": "Økologi", "image": "https://static-assets.digital.rema1000.dk/product/labels/5-64.webp"}], "description": "<b>Pasqua Mucchietto Chardonnay-Grillo (økologisk)</b> Forholdsvis fyldig hvidvin fremstillet af Chardonnay- og Grillo-druer. Duft og smag af pære, fersken, citrus, mandel og lidt af blomster.  Friskheden er på middel niveau og vinen er bredt anvendelig til mange retter med f.eks. lyst kød, kylling, fisk og skaldyr, salater eller oste – også fin at drikke uden mad. Vinen er drikkeklar og bør nydes ung ved 7°C.", "info": "Oprindelsesland: Italien", "images": [{"small": "https://rema-product-images.digital.rema1000.dk/501097/1-small-aboKgx2zop.webp", "medium": "https://rema-product-images.digital.rema1000.dk/501097/1-medium-aboKgx2zop.webp", "large": "https://rema-product-images.digital.rema1000.dk/501097/1-large-aboKgx2zop.webp"}], "prices": [{"price": 65, "price_over_max_quantity": null, "max_quantity": null, "is_advertised": false, "is_campaign": false, "starting_at": "2024-04-22T00:00:00+00:00", "ending_at": "2099-12-31T00:00:00+00:00", "deposit": null, "compare_unit": "ltr", "compare_unit_price": 86.67, "consumption_unit": null, "consumption_quantity": null}], "temperature_zone": null, "is_self_scale_item": false, "is_weight_item": false, "is_available_in_all_stores": true, "is_batch_item": false}
{"id": 501120, "name": "PLUMIER 12,5%", "underline": "75 CL. / VIURA VERDEJO", "age_limit": 18, "hazard_precaution_statements": [], "labels": [], "description": "<b>Plumier Viura Verdejo</b> Frisk, tør og mellemfyldig hvidvin fremstillet af Viura- og Verdejo-druer. Duft og smag er af pære, melon,  hyldeblomst, stikkelsbær, krydderurter, citron og lidt af fennikel. Oplagt til alt godt fra havet. Benyt  gerne krydderurter og citron i retten, der står godt til vinens aromaer samtidig med, at citronsaft gør at  vinen opleves som fyldigere. Vinen vinder ikke ved lagring og bør serveres ved 7°C", "info": "Oprindelsesland: Spanien", "images": [{"small": "https://rema-product-images.digital.rema1000.dk/501120/1-small-AKqeEp0Qqp.webp", "medium": "https://rema-product-images.digital.rema1000.dk/501120/1-medium-AKqeEp0Qqp.webp", "large": "https://rema-product-images.digital.rema1000.dk/501120/1-large-AKqeEp0Qqp.webp"}], "prices": [{"price": 50, "price_over_max_quantity": null, "max_quantity": null, "is_advertised": false, "is_campaign": false, "starting_at": "2024-05-17T00:00:00+00:00", "ending_at": "2025-09-10T00:00:00+00:00", "deposit": null, "compare_unit": "ltr", "compare_unit_price": 66.67, "consumption_unit": null, "consumption_quantity": null}], "temperature_zone": null, "is_self_scale_item": false, "is_weight_item": false, "is_available_in_all_stores": true, "is_batch_item": false}
{"id": 501121, "name": "PLUMIER 13,5%", "underline": "75 CL. / TEMPRANILLO", "age_limit": 18, "hazard_precaution_statements": [], "labels": [], "description": "<b>Plumier Tempranillo</b> Mellemfyldig og tør rødvin fremstillet af Tempranillo-druer. Duft og smag er af røde kirsebær, jordbær,  blåbær og en fornemmelse af anis. Der er god friskhed i vinen og tanninindholdet er på lidt mere end  middel niveau. Velegnet til både lyst og mørkt kød, men undgå for sødligt tilbehør, der vil kollidere med  vinens tørhed og struktur. Vinen er drikkeklar, kan holde et par år frem og bør serveres ved 16°C <b>Grand Gold 2025 Frankfurt International Trophy</b><br />", "info": "Oprindelsesland: Spanien", "images": [{"small": "https://rema-product-images.digital.rema1000.dk/501121/1-small-bJ9Yp8kpqL.webp", "medium": "https://rema-product-images.digital.rema1000.dk/501121/1-medium-bJ9Yp8kpqL.webp", "large": "https://rema-product-images.digital.rema1000.dk/501121/1-large-bJ9Yp8kpqL.webp"}], "prices": [{"price": 50, "price_over_max_quantity": null, "max_quantity": null, "is_advertised": false, "is_campaign": false, "starting_at": "2024-05-17T00:00:00+00:00", "ending_at": "2025-09-10T00:00:00+00:00", "deposit": null, "compare_unit": "ltr", "compare_unit_price": 66.67, "consumption_unit": null, "consumption_quantity": null}], "temperature_zone": null, "is_self_scale_item": false, "is_weight_item": false, "is_available_in_all_stores": true, "is_batch_item": false}
{"id": 501124, "name": "PASQUA 14%", "underline": "75 CL. / SMOOTH X", "age_limit": 18, "hazard_precaution_statements": [], "labels": [], "description": "<b>Smooth X Pasqua </b> Intens og fyldig rødvin med duft og smag af modne og let tørrede røde kirsebær, blommer samt af  mandler, kardemomme og vanilje. Der er en fornemmelse af frugtsødme i den tørre vin. Der er god  friskhed i vinen og tanninerne er bløde på lidt mere end middel niveau. Fornemmelsen af let frugtsødme  sammen med friskheden i vinen, gør den velegnet til pizza og pasta med tomatsauce, men den kan også  klare intense gryderetter eller stegt grisekød. Vinen er drikkeklar, kan holde et par år frem og bør serveres ved 16°C", "info": "Oprindelsesland: Italien", "images": [{"small": "https://rema-product-images.digital.rema1000.dk/501124/1-small-vXod3AKnP3.webp", "medium": "https://rema-product-images.digital.rema1000.dk/501124/1-medium-vXod3AKnP3.webp", "large": "https://rema-product-images.digital.rema1000.dk/501124/1-large-vXod3AKnP3.webp"}], "prices": [{"price": 59, "price_over_max_quantity": null, "max_quantity": null, "is_advertised": false, "is_campaign": false, "starting_at": "2024-12-05T00:00:00+00:00", "ending_at": "2025-08-27T00:00:00+00:00", "deposit": null, "compare_unit": "ltr", "compare_unit_price": 78.67, "consumption_unit": null, "consumption_quantity": null}], "temperature_zone": null, "is_self_scale_item": false, "is_weight_item": false, "is_available_in_all_stores": true, "is_batch_item": false}
{"id": 501125, "name": "CHATEAU ROUBIN 13%", "underline": "75 CL. / MEDOC AOP ROUGE", "age_limit": 18, "hazard_precaution_statements": [], "labels": [], "description": "<b>Chateau Roubin Medoc AOP Rouge</b> Forholdsvis fyldig og tør rødvin med duft og smag af moden frugt som kirsebær, solbær og brombær  samt vanilje, nødder og lakrids. Der er god friskhed i vinen og tanninindholdet er forholdsvis højt. Vinen  er velegnet til stegt oksekød, lam eller vildt, hvor proteinindholdet i kødet vel gøre, at tanninerne opleves  blødere. Undgå alt for sødligt tilbehør. Vinen er drikkeklar og kan holde et par år frem. Bør serveres ved 16°C", "info": "Oprindelsesland: Frankrig", "images": [{"small": "https://rema-product-images.digital.rema1000.dk/501125/1-small-Ea915MWj9z.webp", "medium": "https://rema-product-images.digital.rema1000.dk/501125/1-medium-Ea915MWj9z.webp", "large": "https://rema-product-images.digital.rema1000.dk/501125/1-large-Ea915MWj9z.webp"}], "prices": [{"price": 59, "price_over_max_quantity": null, "max_quantity": null, "is_advertised": false, "is_campaign": false, "starting_at": "2024-05-24T00:00:00+00:00", "ending_at": "2025-08-30T00:00:00+00:00", "deposit": null, "compare_unit": "ltr", "compare_unit_price": 78.67, "consumption_unit": null, "consumption_quantity": null}], "temperature_zone": null, "is_self_scale_item": false, "is_weight_item": false, "is_available_in_all_stores": true, "is_batch_item": false}
{"id": 501136, "name": "VILLA BORGHETTI 12%", "underline": "75 CL. / SOAVE CLASSICO", "age_limit": 18, "hazard_precaution_statements": [], "labels": [], "description": "Pasqua Villa Borghetti Soave Classico DOC Mellemfyldig, frisk og tør hvidvin fremstillet hovedsageligt af Garganega-druer. Duft og smag er af grønt  æble, pære, citron og fennikel. Vinen er bredt egnet til grøntsagsretter og salater, lyst kød og fjerkræ  eller til magre fisk og muslinger. Benyt gerne citron og fennikel i retten, der understøtter vinens aromaer  og øger oplevelsen af fylde i vinen. Vinen er drikkeklar, vinder ikke ved lagring og bør nydes ved 7°C", "info": "Oprindelsesland: Italien", "images": [{"small": "https://rema-product-images.digital.rema1000.dk/501136/1-small-7doLODzLP6.webp", "medium": "https://rema-product-images.digital.rema1000.dk/501136/1-medium-7doLODzLP6.webp", "large": "https://rema-product-images.digital.rema1000.dk/501136/1-large-7doLODzLP6.webp"}], "prices": [{"price": 49, "price_over_max_quantity": null, "max_quantity": null, "is_advertised": false, "is_campaign": false, "starting_at": "2024-08-22T00:00:00+00:00", "ending_at": "2025-08-30T00:00:00+00:00", "deposit": null, "compare_unit": "ltr", "compare_unit_price": 65.33, "consumption_unit": null, "consumption_quantity": null}], "temperature_zone": null, "is_self_scale_item": false, "is_weight_item": false, "is_available_in_all_stores": true, "is_batch_item": false}
{"id": 501160, "name": "HERMANITO 14%", "underline": "75 CL. / RIBERA DEL JÚCAR", "age_limit": 18, "hazard_precaution_statements": [], "labels": [], "description": "<b>Selección del Hermanito Ribera del Júcar</b> Intens og kraftig rødvin fremstillet af Tempranillo-druer. Duft og smag er af modne brombær, modne  kirsebær, chokolade og lakrids. Friskheden i vinen er middel og tanniner fornemmes blød. Velegnet til  mørkt kød som lam, oksekød eller dyrevildt. Benyt gerne et let sødmefuldt tilbehør, der vil øge  fornemmelsen af friskhed i vinen. Vinen er drikkeklar, kan holde et par år frem og bør serveres ved 16°C 5 stjerner Din vinguide/Spritnyt.com<br /> 5 stjerner vinavisen.dk<br /> 5 stjerner Vinexpressen<br /> 6/6 stjerner på www.instagram.com/danishwinetaster<br /> 5 stjerner FLASKEHALSEN.NU<br /> 93 point på flaskehalsen.nu<br /> 91/100 Houlbergs Vinblog 22/1-25<br /> 93 point af Winewhereber<br /> 6 ud af 6 drueklaserfra vinØens forbrugerpanelfebruar 2025<br /> 90 point på www.vintanker.comden 1. februar 2025<br /> 95 point og på top 10-listen over bedste vine under 100 kr. på www.vin-top-10.d<br /> Meget god på www.vinbladet.dk den 13. december 2024<br /> 91 point fra Mad og Monopolet<br /> Guld Mundus Vini, forår 2025<br /> Bronze ved International Wine Challenge 2025<br />", "info": "Oprindelsesland: Spanien", "images": [{"small": "https://rema-product-images.digital.rema1000.dk/501160/1-small-6xqAO66WPD.webp", "medium": "https://rema-product-images.digital.rema1000.dk/501160/1-medium-6xqAO66WPD.webp", "large": "https://rema-product-images.digital.rema1000.dk/501160/1-large-6xqAO66WPD.webp"}], "prices": [{"price": 59, "price_over_max_quantity": null, "max_quantity": null, "is_advertised": false, "is_campaign": false, "starting_at": "2025-02-06T00:00:00+00:00", "ending_at": "2025-08-27T00:00:00+00:00", "deposit": null, "compare_unit": "ltr", "compare_unit_price": 78.67, "consumption_unit": null, "consumption_quantity": null}], "temperature_zone": null, "is_self_scale_item": false, "is_weight_item": false, "is_available_in_all_stores": true, "is_batch_item": false}
{"id": 501170, "name": "CHEMIN DES PAPES 15%", "underline": "75 CL. / CHÂTEAUNEUF DU PAPE", "age_limit": 18, "hazard_precaution_statements": [], "labels": [], "description": "<b>Chemin des Papes Châteauneuf du Pape AOP</b> Fyldig, tør og intens rødvin med duft og smag af brombær, blommer, jordbær, lakrids og mørke oliven.  Der er en fornemmelse af frugtsødme i den tørre vin. Vinens friskhed er medium og tanninerne er  forholdsvis bløde. Velegnet til stegt grisekød, andesteg eller gryderetter. Benyt gerne sødme i tilbehøret,  der øger fornemmelsen af friskhed i vinen, og får mad og vin til at harmonere. Vinen er drikkeklar, kan holde 4-5 år frem og bør serveres ved 16°C.", "info": "Oprindelsesland: Frankrig", "images": [{"small": "https://rema-product-images.digital.rema1000.dk/501170/1-small-kOq3X88v96.webp", "medium": "https://rema-product-images.digital.rema1000.dk/501170/1-medium-kOq3X88v96.webp", "large": "https://rema-product-images.digital.rema1000.dk/501170/1-large-kOq3X88v96.webp"}], "prices": [{"price": 165, "price_over_max_quantity": null, "max_quantity": null, "is_advertised": false, "is_campaign": false, "starting_at": "2024-11-21T00:00:00+00:00", "ending_at": "2099-12-31T00:00:00+00:00", "deposit": null, "compare_unit": "ltr", "compare_unit_price": 220, "consumption_unit": null, "consumption_quantity": null}], "temperature_zone": null, "is_self_scale_item": false, "is_weight_item": false, "is_available_in_all_stores": true, "is_batch_item": false}
{"id": 501171, "name": "CHEMIN DES PAPES 14,5%", "underline": "75 CL. / CÔTES DU RHÔNE VILLAGES", "age_limit": 18, "hazard_precaution_statements": [], "labels": [], "description": "<b>Chemin des Papes Côtes du Rhône Villages</b> Fyldig rødvin med en fornemmelse af let frugtsødme. Duft og smag er af brombær, blommer, kirsebær  lakrids, hvid peber og kryddernellike. Friskheden er middel og tanniner er bløde og på middel niveau.  Velegnet til and, fuglevildt, grisekød og gryderetter. Benyt gerne sødme i tilbehøret, der vil få vinen til at  fremstå friskere. Vinen er drikkeklar, kan holde et par år frem og bør serveres ved 16°C", "info": "Oprindelsesland: Frankrig", "images": [{"small": "https://rema-product-images.digital.rema1000.dk/501171/1-small-OW9Ogjjl9g.webp", "medium": "https://rema-product-images.digital.rema1000.dk/501171/1-medium-OW9Ogjjl9g.webp", "large": "https://rema-product-images.digital.rema1000.dk/501171/1-large-OW9Ogjjl9g.webp"}], "prices": [{"price": 50, "price_over_max_quantity": null, "max_quantity": null, "is_advertised": false, "is_campaign": false, "starting_at": "2025-05-08T00:00:00+00:00", "ending_at": "2099-12-31T00:00:00+00:00", "deposit": null, "compare_unit": "ltr", "compare_unit_price": 66.67, "consumption_unit": null, "consumption_quantity": null}], "temperature_zone": null, "is_self_scale_item": false, "is_weight_item": false, "is_available_in_all_stores": true, "is_batch_item": false}
{"id": 501191, "name": "MAISON FRANCAISE 12,5%", "underline": "75 CL. / ROSE", "age_limit": 18, "hazard_precaution_statements": [], "labels": [], "description": "<b>Maison Francaise Rosé Coteaux d’Aix-en-Provence AOP</b> Laksefarvet, frisk, let og tør rosévin med duft og smag af jordbær, ribs, solbær, citron, urter og lidt anis.  Bredt anvendelig som aperitif, til fjerkræ, fisk, skaldyr, grøntsagsretter og salater. Benyt gerne  krydderurter og citron i retten, der står godt til vinens aromaer og vil få vinen til at fornemmes fyldigere.  Vinen bør nydes ung ved 7°C", "info": "Oprindelsesland: Frankrig", "images": [{"small": "https://rema-product-images.digital.rema1000.dk/501191/1-small-3MoMg22k95.webp", "medium": "https://rema-product-images.digital.rema1000.dk/501191/1-medium-3MoMg22k95.webp", "large": "https://rema-product-images.digital.rema1000.dk/501191/1-large-3MoMg22k95.webp"}], "prices": [{"price": 50, "price_over_max_quantity": null, "max_quantity": null, "is_advertised": false, "is_campaign": false, "starting_at": "2025-02-01T00:00:00+00:00", "ending_at": "2099-12-31T00:00:00+00:00", "deposit": null, "compare_unit": "ltr", "compare_unit_price": 66.67, "consumption_unit": null, "consumption_quantity": null}], "temperature_zone": null, "is_self_scale_item": false, "is_weight_item": false, "is_available_in_all_stores": true, "is_batch_item": false}
{"id": 501192, "name": "BRUT DARGENT 11%", "underline": "75 CL. / PINOT NOIR ICE", "age_limit": 18, "hazard_precaution_statements": [], "labels": [], "description": "<b>Brut Dargent Pinot Noir Ice Demi-Sec</b> Halvtør mousserende rosévin med duft og smag af friske jordbær og hindbær samt citron. Der er god  friskhed i vinen, og det dæmper den lette sødme i vinen. Den er bedst at nyde uden mad.  Vinen er drikkeklar, vinder ikke ved lagring og bør serveres afkølet ved 5°C ", "info": "Oprindelsesland: Frankrig", "images": [{"small": "https://rema-product-images.digital.rema1000.dk/501192/1-small-OJq57ggNPp.webp", "medium": "https://rema-product-images.digital.rema1000.dk/501192/1-medium-OJq57ggNPp.webp", "large": "https://rema-product-images.digital.rema1000.dk/501192/1-large-OJq57ggNPp.webp"}], "prices": [{"price": 65, "price_over_max_quantity": null, "max_quantity": null, "is_advertised": false, "is_campaign": false, "starting_at": "2025-02-01T00:00:00+00:00", "ending_at": "2099-12-31T00:00:00+00:00", "deposit": null, "compare_unit": "ltr", "compare_unit_price": 86.67, "consumption_unit": null, "consumption_quantity": null}], "temperature_zone": null, "is_self_scale_item": false, "is_weight_item": false, "is_available_in_all_stores": true, "is_batch_item": false}
{"id": 501201, "name": "CORTE MOLINO CUVEE 11%", "underline": "20 CL. / MILLESIMATO EXTRA DRY", "age_limit": 18, "hazard_precaution_statements": [], "labels": [], "description": "<b>Corte Molino Cuvee Millesimato Extra Dry</b> Mellemfyldig mousserende vin med let sødme. Duft og smag er af grøn pære, melon, rødt æble og citron.  Friskheden er middel og vinen er velegnet som aperitif, til tapas eller salater. Hvis der er er let  sødmefulde indslag i retten, så vil den mousserende vin opleves friskere. Vinen er drikkeklar, vinder ikke ved lagring og bør drikkes ved 7°C.", "info": "Oprindelsesland: Italien", "images": [{"small": "https://rema-product-images.digital.rema1000.dk/501201/1-small-ElPBYeeW9k.webp", "medium": "https://rema-product-images.digital.rema1000.dk/501201/1-medium-ElPBYeeW9k.webp", "large": "https://rema-product-images.digital.rema1000.dk/501201/1-large-ElPBYeeW9k.webp"}], "prices": [{"price": 25, "price_over_max_quantity": null, "max_quantity": null, "is_advertised": false, "is_campaign": false, "starting_at": "2025-02-18T00:00:00+00:00", "ending_at": "2099-12-31T00:00:00+00:00", "deposit": null, "compare_unit": "ltr", "compare_unit_price": 125, "consumption_unit": null, "consumption_quantity": null}], "temperature_zone": null, "is_self_scale_item": false, "is_weight_item": false, "is_available_in_all_stores": true, "is_batch_item": false}
{"id": 501234, "name": "SILVERBOOM 8,5%", "underline": "75 CL. / MOSCATO", "age_limit": 18, "hazard_precaution_statements": [], "labels": [], "description": "<b>Silverboom Special Reserve Moscato</b> Intens, fyldig og sød hvidvin fremstillet af Moscato-druer med duft og smag af fersken, druer, pære og  honning. Selvom vinen er sød, så har den en god friskhed, der gør den egnet til desserter eller kager  med frugt. Vinen kan også anvendes som en sød aperitif. Vinen er drikkeklar og bør nydes ung ved 7°C", "info": "Oprindelsesland: Sydafrikanske Republik", "images": [{"small": "https://rema-product-images.digital.rema1000.dk/501234/1-small-yLqGB1n7od.webp", "medium": "https://rema-product-images.digital.rema1000.dk/501234/1-medium-yLqGB1n7od.webp", "large": "https://rema-product-images.digital.rema1000.dk/501234/1-large-yLqGB1n7od.webp"}], "prices": [{"price": 50, "price_over_max_quantity": null, "max_quantity": null, "is_advertised": false, "is_campaign": false, "starting_at": "2025-08-03T00:00:00+00:00", "ending_at": "2025-11-15T00:00:00+00:00", "deposit": null, "compare_unit": "ltr", "compare_unit_price": 66.67, "consumption_unit": null, "consumption_quantity": null}], "temperature_zone": null, "is_self_scale_item": false, "is_weight_item": false, "is_available_in_all_stores": true, "is_batch_item": true}
{"id": 501235, "name": "MONTINHO 12%", "underline": "75 CL. / VINHO VERDE", "age_limit": 18, "hazard_precaution_statements": [], "labels": [], "description": "<b>Montinho Vinho Verde</b> Let, frisk og let mousserende hvidvin med duft og smag af æble, pære, melon og citron. Velegnet som  aperitif, til magre fisk som f.eks. torsk, grøntsagsretter og salater. Benyt gerne citron i retten, der passer  til vinens aroma og som samtidig vil øge fornemmelsen af fylde i vinen. Vinen vinder ikke ved lagring og bør nydes ved 7°C", "info": "Oprindelsesland: Portugal", "images": [{"small": "https://rema-product-images.digital.rema1000.dk/501235/1-small-Gb9kJZN4q7.webp", "medium": "https://rema-product-images.digital.rema1000.dk/501235/1-medium-Gb9kJZN4q7.webp", "large": "https://rema-product-images.digital.rema1000.dk/501235/1-large-Gb9kJZN4q7.webp"}], "prices": [{"price": 49, "price_over_max_quantity": null, "max_quantity": null, "is_advertised": false, "is_campaign": false, "starting_at": "2025-05-02T00:00:00+00:00", "ending_at": "2099-12-31T00:00:00+00:00", "deposit": null, "compare_unit": "ltr", "compare_unit_price": 65.33, "consumption_unit": null, "consumption_quantity": null}], "temperature_zone": null, "is_self_scale_item": false, "is_weight_item": false, "is_available_in_all_stores": true, "is_batch_item": false}
{"id": 501242, "name": "RAGNATELA 14,5%", "underline": "75 CL. / SANGIOVESE-ZINFANDEL", "age_limit": 18, "hazard_precaution_statements": [], "labels": [], "description": "<b>Ragnatela Sangiovese-Zinfandel</b> Fyldig og intens rødvin med let sødme og duft og smag af blomme, mørke kirsebær, oliven, lakrids,  mælkechokolade, vanilje og kanel. Friskheden er middel og tanninindholdet er forholdsvis højt. Velegnet  til gryderetter med sødmefuldt tilbehør samt grillet kød med barbecuemarinade. Vinen kan også klare en  burger med det hele. En stegeskorpe på kødet vil gøre, at tanninen fornemmes blødere og sødmefulde  elementer vil trække friskhed frem i vinen og få mad og vin til at harmonere. Vinen er drikkeklar, kan holde et par år frem og bør serveres ved 16°C", "info": "Oprindelsesland: Italien", "images": [{"small": "https://rema-product-images.digital.rema1000.dk/501242/1-small-A4Py2JbJoL.webp", "medium": "https://rema-product-images.digital.rema1000.dk/501242/1-medium-A4Py2JbJoL.webp", "large": "https://rema-product-images.digital.rema1000.dk/501242/1-large-A4Py2JbJoL.webp"}], "prices": [{"price": 40, "price_over_max_quantity": null, "max_quantity": null, "is_advertised": false, "is_campaign": false, "starting_at": "2025-05-06T00:00:00+00:00", "ending_at": "2025-08-27T00:00:00+00:00", "deposit": null, "compare_unit": "ltr", "compare_unit_price": 53.33, "consumption_unit": null, "consumption_quantity": null}], "temperature_zone": null, "is_self_scale_item": false, "is_weight_item": false, "is_available_in_all_stores": true, "is_batch_item": false}
{"id": 501290, "name": "SILVERBOOM 15%", "underline": "75 CL. / SHIRAZ MERLOT", "age_limit": 18, "hazard_precaution_statements": [], "labels": [], "description": "<b>Silverboom Shiraz-Merlot</b> Intens og kraftfuld sydafrikansk vin med masser af vilde bær i smagen og en fin balancemellem sødme og intensitet. En oplagt ledsager til den gode bøf. <b>Guldmedaljer til Berliner Wein Trophy 2023</b>", "info": "Oprindelsesland: Sydafrikanske Republik", "images": [{"small": "https://rema-product-images.digital.rema1000.dk/501290/1-small-kAonN34box.webp", "medium": "https://rema-product-images.digital.rema1000.dk/501290/1-medium-kAonN34box.webp", "large": "https://rema-product-images.digital.rema1000.dk/501290/1-large-kAonN34box.webp"}], "prices": [{"price": 50, "price_over_max_quantity": null, "max_quantity": null, "is_advertised": false, "is_campaign": false, "starting_at": "2025-08-03T00:00:00+00:00", "ending_at": "2025-11-15T00:00:00+00:00", "deposit": null, "compare_unit": "ltr", "compare_unit_price": 66.67, "consumption_unit": null, "consumption_quantity": null}], "temperature_zone": null, "is_self_scale_item": false, "is_weight_item": false, "is_available_in_all_stores": true, "is_batch_item": true}
{"id": 501293, "name": "SILVERBOOM 14%", "underline": "75 CL. / PINOTAGE ROSÉ", "age_limit": 18, "hazard_precaution_statements": [], "labels": [], "description": "<b>Silverboom pinotage rosé</b> Fyldig rose med smag af jordbær og kirsebær Passer perfekt til retter med lyst kød, salater eller bare en dag på terrassen. Guldmedaljer til Berliner Wein Trophy 2023<br />", "info": "Oprindelsesland: Sydafrikanske Republik", "images": [{"small": "https://rema-product-images.digital.rema1000.dk/501293/1-small-xQq8a0zg9Z.webp", "medium": "https://rema-product-images.digital.rema1000.dk/501293/1-medium-xQq8a0zg9Z.webp", "large": "https://rema-product-images.digital.rema1000.dk/501293/1-large-xQq8a0zg9Z.webp"}], "prices": [{"price": 50, "price_over_max_quantity": null, "max_quantity": null, "is_advertised": false, "is_campaign": false, "starting_at": "2025-08-03T00:00:00+00:00", "ending_at": "2025-11-15T00:00:00+00:00", "deposit": null, "compare_unit": "ltr", "compare_unit_price": 66.67, "consumption_unit": null, "consumption_quantity": null}], "temperature_zone": null, "is_self_scale_item": false, "is_weight_item": false, "is_available_in_all_stores": true, "is_batch_item": true}
{"id": 50141, "name": "KOFFEINLET", "underline": "400 GR. / MERRILD", "age_limit": null, "hazard_precaution_statements": [], "labels": [], "description": "Merrild Koffeinlet er til dig, der gerne vil nyde den fulde kaffe-smag - men med mindre koffein. I en kop almindelig kaffe får du ca. 80 mg. koffein per kop, mens en kop Merrild Koffeinlet kun indeholder ca. 40 mg. Kaffen består af bønner udvalgt fra de bedste kaffedistrikter i verden. Inden bønnerne ristes, fjernes koffeinen fra halvdelen af de rå bønner. Det sker ved hjælp af kuldioxid. Det er en meget skån-som proces og den påvirker hverken kaffens aroma eller smag. De dekaffinerede bønner blandes nu med koffeinholdige bøn-ner. Herefter ristes bønnerne i så tilpas lang tid, at smags-stofferne udvikles og frigøres, så den færdige kaffe får den rette fylde og mildhed.", "info": "", "images": [{"small": "https://rema-product-images.digital.rema1000.dk/50141/1-small-we9EAwA9gp.webp", "medium": "https://rema-product-images.digital.rema1000.dk/50141/1-medium-we9EAwA9gp.webp", "large": "https://rema-product-images.digital.rema1000.dk/50141/1-large-we9EAwA9gp.webp"}], "prices": [{"price": 76, "price_over_max_quantity": null, "max_quantity": null, "is_advertised": false, "is_campaign": false, "starting_at": "2025-05-08T00:00:00+00:00", "ending_at": "2025-08-23T00:00:00+00:00", "deposit": null, "compare_unit": "kg", "compare_unit_price": 190, "consumption_unit": null, "consumption_quantity": null}], "temperature_zone": null, "is_self_scale_item": false, "is_weight_item": false, "is_available_in_all_stores": true, "is_batch_item": false}
{"id": 501504, "name": "VALOR 14%", "underline": "75 CL. / MONASTRELL", "age_limit": 18, "hazard_precaution_statements": [], "labels": [{"id": 5, "name": "Økologi", "image": "https://static-assets.digital.rema1000.dk/product/labels/5-64.webp"}], "description": "<b>Valor Monastrell organic</b> Fyldig og intens økologisk rødvin fremstillet af Monastrell-druer. Duft og smag er af røde og sorte bær, lakrids, kryddernellike, lidt af lavendel og sorte oliven. Friskheden  i vinen er middel med et lidt højere garvesyreindhold, der gør vinen egnet til stegt mørkt kød som lam, vildt eller oksekød. Benyt gerne krydderurter i retten,  men undgå et for sødligt tilbehør. Vinen er drikkeklar og kan holde 2-3 år frem. Bør serveres ved 15°C. 5 stjerner i Jyllands-Posten marts 2021", "info": "Oprindelsesland: Spanien", "images": [{"small": "https://rema-product-images.digital.rema1000.dk/501504/1-small-OJq57Z2KPp.webp", "medium": "https://rema-product-images.digital.rema1000.dk/501504/1-medium-OJq57Z2KPp.webp", "large": "https://rema-product-images.digital.rema1000.dk/501504/1-large-OJq57Z2KPp.webp"}], "prices": [{"price": 55, "price_over_max_quantity": null, "max_quantity": null, "is_advertised": false, "is_campaign": false, "starting_at": "2023-01-05T00:00:00+00:00", "ending_at": "2099-12-31T00:00:00+00:00", "deposit": null, "compare_unit": "ltr", "compare_unit_price": 73.33, "consumption_unit": null, "consumption_quantity": null}], "temperature_zone": null, "is_self_scale_item": false, "is_weight_item": false, "is_available_in_all_stores": true, "is_batch_item": false}
{"id": 501563, "name": "EL COTO 13,5%", "underline": "75 CL. / CRIANZA RIOJA", "age_limit": 18, "hazard_precaution_statements": [], "labels": [], "description": "<b>El Coto Crianza Rioja DOC</b> Vinen er fremstillet af 100 % Tempranillo druer fra Rioja Alavesa i Spanien. El Coto Crianza Rioja DOC fermenterer under streng kontrol, for at sikre den rigtige struktur og balance i vinen. Efterfølgende lagrer vinen minimum 12 ma°neder pa° udvalgte 225 L amerikanske egetræsfade og derefter mindst 6 ma°neder pa° flasken. El Coto Crianza Rioja DOC er en silkeblød og fløjlsagtig vin med en god intensitet. Den har en rubinrød farve og en aroma af frisk frugt med typiske lakridsnoter fra fadlagringen og hints af vanilje. Det er en alsidig vin. Den er velegnet til lyst kød og kylling. Serveres ved 16-18 grader.", "info": "Oprindelsesland: Spanien", "images": [{"small": "https://rema-product-images.digital.rema1000.dk/501563/1-small-rDq6Wd3j9b.webp", "medium": "https://rema-product-images.digital.rema1000.dk/501563/1-medium-rDq6Wd3j9b.webp", "large": "https://rema-product-images.digital.rema1000.dk/501563/1-large-rDq6Wd3j9b.webp"}], "prices": [{"price": 69, "price_over_max_quantity": null, "max_quantity": null, "is_advertised": false, "is_campaign": false, "starting_at": "2023-01-05T00:00:00+00:00", "ending_at": "2025-08-23T00:00:00+00:00", "deposit": null, "compare_unit": "ltr", "compare_unit_price": 92, "consumption_unit": null, "consumption_quantity": null}], "temperature_zone": null, "is_self_scale_item": false, "is_weight_item": false, "is_available_in_all_stores": true, "is_batch_item": false}
{"id": 501581, "name": "LZC 14,5%", "underline": "75 CL. / CHARDONNAY", "age_limit": 18, "hazard_precaution_statements": [], "labels": [], "description": "<b>LZC Chardonnay</b> Fyldig og intens hvidvin med smag af eksotisk frugt, vanilje og nødder. God til fed fisk, skaldyr eller stegt kylling med saucer baseret på fløde eller smør.", "info": "Oprindelsesland: USA", "images": [{"small": "https://rema-product-images.digital.rema1000.dk/501581/1-small-JzPJ587Y9k.webp", "medium": "https://rema-product-images.digital.rema1000.dk/501581/1-medium-JzPJ587Y9k.webp", "large": "https://rema-product-images.digital.rema1000.dk/501581/1-large-JzPJ587Y9k.webp"}], "prices": [{"price": 59, "price_over_max_quantity": null, "max_quantity": null, "is_advertised": false, "is_campaign": false, "starting_at": "2021-05-13T00:00:00+00:00", "ending_at": "2099-12-31T00:00:00+00:00", "deposit": null, "compare_unit": "ltr", "compare_unit_price": 78.67, "consumption_unit": null, "consumption_quantity": null}], "temperature_zone": null, "is_self_scale_item": false, "is_weight_item": false, "is_available_in_all_stores": true, "is_batch_item": false}
{"id": 501700, "name": "AUSSIE RULES 13%", "underline": "75 CL. / CHARDONNAY", "age_limit": 18, "hazard_precaution_statements": [], "labels": [], "description": "<b>Aussie Rules Chardonnay</b> Denne vin er produceret af Chardonnay druer, der er dyrket i South Australia i Australien. Det er en let-drikkelig hvidvin med flot klar farve. Pæn og  velstruktureret hvidvin med frisk, blød og utrolig lækker smag af fersken, melon, citrusfrugt og flødekaramel efterfulgt af en blid og behagelig  eftersmag. Denne velstrukturerede hvidvin kan nydes afkølet som aperitif, til fjerkræ, fisk samt cremede pastaretter. Det er en hvidvin, der skal servers afkølet og som bør drikkes, mens den er forholdsvis ung. Bronze ved International Wine & Spirit competition<br /> Guld Concours Mondial de Bruxelles 2025<br />", "info": "Oprindelsesland: Australien", "images": [{"small": "https://rema-product-images.digital.rema1000.dk/501700/1-small-xePw0VYdow.webp", "medium": "https://rema-product-images.digital.rema1000.dk/501700/1-medium-xePw0VYdow.webp", "large": "https://rema-product-images.digital.rema1000.dk/501700/1-large-xePw0VYdow.webp"}], "prices": [{"price": 39, "price_over_max_quantity": null, "max_quantity": null, "is_advertised": false, "is_campaign": false, "starting_at": "2021-01-01T00:00:00+00:00", "ending_at": "2099-12-31T00:00:00+00:00", "deposit": null, "compare_unit": "ltr", "compare_unit_price": 52, "consumption_unit": null, "consumption_quantity": null}], "temperature_zone": null, "is_self_scale_item": false, "is_weight_item": false, "is_available_in_all_stores": true, "is_batch_item": false}
{"id": 501705, "name": "AUSSIE RULES 13,5%", "underline": "75 CL. / SHIRAZ", "age_limit": 18, "hazard_precaution_statements": [], "labels": [], "description": "<b>Aussie Rules Shiraz</b> Denne vin er produceret af Shiraz druer, der er dyrket i South Australia i Australien. Det er en let-drikkelig rødvin med flot farve og delikat duft. Pæn og velstruktureret vin med elegant smag af blåbær, lakrids, morbær, sorte oliven  og krydderier, god frugt intensitet, silkebløde tanniner samt en lang og behagelig eftersmag. Denne harmoniske rødvin er en god all-round vin, der er  velegnet til det moderne køkken. Den er god til gryderetter, okse- og lammekød. Det er en rødvin, der bør drikkes mens den er forholdsvis ung.", "info": "Oprindelsesland: Australien", "images": [{"small": "https://rema-product-images.digital.rema1000.dk/501705/1-small-xQq8am629Z.webp", "medium": "https://rema-product-images.digital.rema1000.dk/501705/1-medium-xQq8am629Z.webp", "large": "https://rema-product-images.digital.rema1000.dk/501705/1-large-xQq8am629Z.webp"}], "prices": [{"price": 39, "price_over_max_quantity": null, "max_quantity": null, "is_advertised": false, "is_campaign": false, "starting_at": "2021-01-01T00:00:00+00:00", "ending_at": "2099-12-31T00:00:00+00:00", "deposit": null, "compare_unit": "ltr", "compare_unit_price": 52, "consumption_unit": null, "consumption_quantity": null}], "temperature_zone": null, "is_self_scale_item": false, "is_weight_item": false, "is_available_in_all_stores": true, "is_batch_item": false}
{"id": 502059, "name": "KOPKE PORTO 2020 20%", "underline": "75 CL. / LATE BOTTLE VINTAGE", "age_limit": 18, "hazard_precaution_statements": [], "labels": [], "description": "<b>Kopke 2018 L.B.V. Port</b> Koncentreret, intens og fyldig portvin med duft og smag af solbær, sorte kirsebær, rosiner og mørk chokolade. Portvinen er sød, men sødmen holdes godt på plads af et middelniveau af friskhed.  Tanninindholdet er også på middelniveau. Portvinen kan nydes alene til chokoladedesserter, risalamande eller til blåskimmeloste som f.eks. Danablue. Vinen er drikkeklar og kan holde 3-4 år frem. Prøv at servere portvinen afkølet ved 10°C, det øger fornemmelsen af friskhed.", "info": "Oprindelsesland: Portugal", "images": [{"small": "https://rema-product-images.digital.rema1000.dk/502059/1-small-KpqRvbVyqL.webp", "medium": "https://rema-product-images.digital.rema1000.dk/502059/1-medium-KpqRvbVyqL.webp", "large": "https://rema-product-images.digital.rema1000.dk/502059/1-large-KpqRvbVyqL.webp"}], "prices": [{"price": 105, "price_over_max_quantity": null, "max_quantity": null, "is_advertised": false, "is_campaign": false, "starting_at": "2022-11-03T00:00:00+00:00", "ending_at": "2099-12-31T00:00:00+00:00", "deposit": null, "compare_unit": "ltr", "compare_unit_price": 140, "consumption_unit": null, "consumption_quantity": null}], "temperature_zone": null, "is_self_scale_item": false, "is_weight_item": false, "is_available_in_all_stores": true, "is_batch_item": false}
{"id": 502060, "name": "MAJANO 13%", "underline": "3 LTR. / TEMPRANILLO MERLOT", "age_limit": 18, "hazard_precaution_statements": [], "labels": [], "description": "<b>Majano Tempranillo (3 ltr. Bag in Box)</b> Mellemfyldig rødvin fremstillet af Tempranillo-druer. Duft og smag er af hindbær, solbær og lakrids. Friskheden og garvesyren er på middelniveau og  vinen er velegnet til stegt lyst kød uden sødt tilbehør eller til kylling. Vinen skal drikkes ung og bør serveres ved 16°C", "info": "Oprindelsesland: Spanien", "images": [{"small": "https://rema-product-images.digital.rema1000.dk/502060/1-small-6xqAOkADPD.webp", "medium": "https://rema-product-images.digital.rema1000.dk/502060/1-medium-6xqAOkADPD.webp", "large": "https://rema-product-images.digital.rema1000.dk/502060/1-large-6xqAOkADPD.webp"}], "prices": [{"price": 109, "price_over_max_quantity": null, "max_quantity": null, "is_advertised": false, "is_campaign": false, "starting_at": "2023-01-05T00:00:00+00:00", "ending_at": "2025-08-23T00:00:00+00:00", "deposit": null, "compare_unit": "ltr", "compare_unit_price": 36.33, "consumption_unit": null, "consumption_quantity": null}], "temperature_zone": null, "is_self_scale_item": false, "is_weight_item": false, "is_available_in_all_stores": true, "is_batch_item": false}
{"id": 502068, "name": "MAJANO 11,5%", "underline": "3 LTR. / SAUVIGNON BLANC", "age_limit": 18, "hazard_precaution_statements": [], "labels": [], "description": "<b>Majano NV Sauvignon Blanc-Airèn (3 ltr. bag in box)</b> Frisk hvidvin fremstillet af Sauvignon Blanc og Airèn- druer. Duft og smag er af citron, lidt umoden melon, grønne æbler og krydderurter. Vinen er velegnet til  mager fisk, muslinger, kylling eller salater, hvor der indgår krydderurter og citron, der står godt til vinens aromaer. Vinen skal drikkes ung og bør serveres ved 8°C", "info": "Oprindelsesland: Spanien", "images": [{"small": "https://rema-product-images.digital.rema1000.dk/502068/1-small-vXod32dvP3.webp", "medium": "https://rema-product-images.digital.rema1000.dk/502068/1-medium-vXod32dvP3.webp", "large": "https://rema-product-images.digital.rema1000.dk/502068/1-large-vXod32dvP3.webp"}], "prices": [{"price": 109, "price_over_max_quantity": null, "max_quantity": null, "is_advertised": false, "is_campaign": false, "starting_at": "2023-01-05T00:00:00+00:00", "ending_at": "2025-08-23T00:00:00+00:00", "deposit": null, "compare_unit": "ltr", "compare_unit_price": 36.33, "consumption_unit": null, "consumption_quantity": null}], "temperature_zone": null, "is_self_scale_item": false, "is_weight_item": false, "is_available_in_all_stores": true, "is_batch_item": false}
{"id": 50212, "name": "FORMALET KAFFE", "underline": "400 GR. / REMA 1000", "age_limit": null, "hazard_precaution_statements": [], "labels": [{"id": 2, "name": "REMA1000", "image": "https://static-assets.digital.rema1000.dk/product/labels/2-64.webp"}, {"id": 95, "name": "Rainforest Alliance", "image": "https://static-assets.digital.rema1000.dk/product/labels/95-64.webp"}], "description": "Ristningsgrad: Mellem Formalingsgrad: Fin.Dosering: 5 g pr. kop (1,5 dl).<br />", "info": "", "images": [{"small": "https://rema-product-images.digital.rema1000.dk/50212/1-small-18oXWbJPkb.webp", "medium": "https://rema-product-images.digital.rema1000.dk/50212/1-medium-18oXWbJPkb.webp", "large": "https://rema-product-images.digital.rema1000.dk/50212/1-large-18oXWbJPkb.webp"}], "prices": [{"price": 44.75, "price_over_max_quantity": null, "max_quantity": null, "is_advertised": false, "is_campaign": false, "starting_at": "2025-07-31T00:00:00+00:00", "ending_at": "2099-12-31T00:00:00+00:00", "deposit": null, "compare_unit": "kg", "compare_unit_price": 111.88, "consumption_unit": null, "consumption_quantity": null}], "temperature_zone": null, "is_self_scale_item": false, "is_weight_item": false, "is_available_in_all_stores": true, "is_batch_item": false}
{"id": 502215, "name": "PASQUA 13%", "underline": "3 LTR. / PRIMITIVO SALENTO", "age_limit": 18, "hazard_precaution_statements": [], "labels": [], "description": "<b>Pasqua Primitivo, IGT Salento (3 ltr. bag in box)</b> Frisk, krydret og middelfyldig rødvin fremstillet af Primitivo-druer fra Puglia i Syditalien. Duft og smag er af blomme, vanilje og lakrids. Der er et middel  indhold af blød garvesyre. Der fornemmes både friskhed og en let sødmefuldhed i den tørre vin, som gør vinen egnet til det italienske køkken  f.eks. pasta, pizza og i retter, hvor der indgår tomatsauce. Vinen er drikkeklar og bør serveres ved 16°C.", "info": "Oprindelsesland: Italien", "images": [{"small": "https://rema-product-images.digital.rema1000.dk/502215/1-small-KpqRvbZkqL.webp", "medium": "https://rema-product-images.digital.rema1000.dk/502215/1-medium-KpqRvbZkqL.webp", "large": "https://rema-product-images.digital.rema1000.dk/502215/1-large-KpqRvbZkqL.webp"}], "prices": [{"price": 159, "price_over_max_quantity": null, "max_quantity": null, "is_advertised": false, "is_campaign": false, "starting_at": "2022-11-10T00:00:00+00:00", "ending_at": "2099-12-31T00:00:00+00:00", "deposit": null, "compare_unit": "ltr", "compare_unit_price": 53, "consumption_unit": null, "consumption_quantity": null}], "temperature_zone": null, "is_self_scale_item": false, "is_weight_item": false, "is_available_in_all_stores": true, "is_batch_item": false}
{"id": 502403, "name": "ARALDICA 14%", "underline": "75 CL. / BAROLO FLORI", "age_limit": 18, "hazard_precaution_statements": [], "labels": [], "description": "<b>Araldica Flori Barolo DOCG</b> Mellemfyldig rødvin fremstillet af Nebbiolo-druer. Duft og smag er kompleks af kirsebær, roser, lidt af læder, cedertræ, tobak og vanilje. Der er god friskhed og et højt indhold af garvesyre i vinen. Velegnet til  kraftige kødtyper som stegt eller grillet oksekød og dyre- eller fuglevildt uden sødt tilbehør. Svampe og lidt friskhed fra f.eks. citron passer godt til vinens karakter. Vinen er drikkeklar og vil udvikle sig yderligere i to-tre år. Bør serveres ved 18°C.", "info": "Oprindelsesland: Italien", "images": [{"small": "https://rema-product-images.digital.rema1000.dk/502403/1-small-3MoMg7Rl95.webp", "medium": "https://rema-product-images.digital.rema1000.dk/502403/1-medium-3MoMg7Rl95.webp", "large": "https://rema-product-images.digital.rema1000.dk/502403/1-large-3MoMg7Rl95.webp"}], "prices": [{"price": 129, "price_over_max_quantity": null, "max_quantity": null, "is_advertised": false, "is_campaign": false, "starting_at": "2023-03-02T00:00:00+00:00", "ending_at": "2099-12-31T00:00:00+00:00", "deposit": null, "compare_unit": "ltr", "compare_unit_price": 172, "consumption_unit": null, "consumption_quantity": null}], "temperature_zone": null, "is_self_scale_item": false, "is_weight_item": false, "is_available_in_all_stores": false, "is_batch_item": false}
{"id": 502410, "name": "ARALDICA 14,5%", "underline": "75 CL. / BARBERA D´ASTI", "age_limit": 18, "hazard_precaution_statements": [], "labels": [], "description": "<b>Barbera d’Asti Araldica</b> Mellemfyldig og samtidig frisk rødvin fremstillet af Barbera-druer. Duft og smag af kirsebær, vanilje og marcipan. Det fornemmes, at vinen har lagret på  egetræsfade. Garvesyreniveauet er forholdsvis lavt og vinen har en god friskhed, der gør den egnet til retter med tomatsauce, f. eks. pizza eller pasta. Kylling, stegt svine- eller kalvekød, f.eks. som frikadeller er også gode ledsagere til vinen. Vinen er drikkeklar og kan holde et par år frem. Bør serveres ved 16°C", "info": "Oprindelsesland: Italien", "images": [{"small": "https://rema-product-images.digital.rema1000.dk/502410/1-small-Al90M47BP8.webp", "medium": "https://rema-product-images.digital.rema1000.dk/502410/1-medium-Al90M47BP8.webp", "large": "https://rema-product-images.digital.rema1000.dk/502410/1-large-Al90M47BP8.webp"}], "prices": [{"price": 50, "price_over_max_quantity": null, "max_quantity": null, "is_advertised": false, "is_campaign": false, "starting_at": "2025-06-12T00:00:00+00:00", "ending_at": "2025-08-30T00:00:00+00:00", "deposit": null, "compare_unit": "ltr", "compare_unit_price": 66.67, "consumption_unit": null, "consumption_quantity": null}], "temperature_zone": null, "is_self_scale_item": false, "is_weight_item": false, "is_available_in_all_stores": true, "is_batch_item": false}
{"id": 502433, "name": "MONTIGOLI 13,5%", "underline": "75 CL. / ROSSO VERONESE", "age_limit": 18, "hazard_precaution_statements": [], "labels": [], "description": "<b>Montigoli Arrossimento Rosso Veronese</b> Forholdsvis fyldig og kraftig rødvin med en let sødme fremstillet af delvist tørrede Corvina, Rondinella og Corvinone-druer. Duft og smag er af modne  kirsebær, marcipan, rosiner og svesker. Der er god friskhed i vinen, og der er samtidigt et godt niveau af blød garvesyre. Vinen er egnet til stegt lyst kød,  kylling og lyst fuglevildt eller pastaretter. Et sødmefuldt tilbehør vil passe til vinen karakter. Vinen er drikkeklar og kan holde i yderligere et par år frem. Bør serveres ved 18°C. Bedst i test & 5 stjerner i B.T. november 2020", "info": "Oprindelsesland: Italien", "images": [{"small": "https://rema-product-images.digital.rema1000.dk/502433/1-small-YLPjAJw29k.webp", "medium": "https://rema-product-images.digital.rema1000.dk/502433/1-medium-YLPjAJw29k.webp", "large": "https://rema-product-images.digital.rema1000.dk/502433/1-large-YLPjAJw29k.webp"}], "prices": [{"price": 59, "price_over_max_quantity": null, "max_quantity": null, "is_advertised": false, "is_campaign": false, "starting_at": "2024-05-23T00:00:00+00:00", "ending_at": "2025-08-27T00:00:00+00:00", "deposit": null, "compare_unit": "ltr", "compare_unit_price": 78.67, "consumption_unit": null, "consumption_quantity": null}], "temperature_zone": null, "is_self_scale_item": false, "is_weight_item": false, "is_available_in_all_stores": true, "is_batch_item": false}
{"id": 502448, "name": "PASQUA 13,5%", "underline": "75 CL. / VALPOLICELLA RIPASSO", "age_limit": 18, "hazard_precaution_statements": [], "labels": [], "description": "<b>Pasqua Valpolicella Ripasso Superiore DOC</b> Frisk og mellemfyldig rødvin fremstillet af Corvina, Rondinella, Corvinone og Negrara-druer. Duft og smag er af friske og tørrede kirsebær og hindbær, marcipan, vanilje og nellike. Der er god friskhed i vinen og garvesyren er blød. Der er en fornemmelse af let sødme i vinen. Velegnet til italiensk inspirerede  retter, hvor der indgår tomatsauce, som står godt til vinens friskhed og fornemmelse af lette sødme. Kylling eller lyst kød som kalve- eller svinekød  passer også til vinen. Vinen er drikkeklar og kan holde yderligere et par år frem. Bør serveres ved 16°C 5 stjerner i vinbladet december 2024<br />", "info": "Oprindelsesland: Italien", "images": [{"small": "https://rema-product-images.digital.rema1000.dk/502448/1-small-OJq57ZY1Pp.webp", "medium": "https://rema-product-images.digital.rema1000.dk/502448/1-medium-OJq57ZY1Pp.webp", "large": "https://rema-product-images.digital.rema1000.dk/502448/1-large-OJq57ZY1Pp.webp"}], "prices": [{"price": 75, "price_over_max_quantity": null, "max_quantity": null, "is_advertised": false, "is_campaign": false, "starting_at": "2023-01-05T00:00:00+00:00", "ending_at": "2025-08-30T00:00:00+00:00", "deposit": null, "compare_unit": "ltr", "compare_unit_price": 100, "consumption_unit": null, "consumption_quantity": null}], "temperature_zone": null, "is_self_scale_item": false, "is_weight_item": false, "is_available_in_all_stores": true, "is_batch_item": false}
{"id": 502449, "name": "PASQUA 15%", "underline": "75 CL. / AMARONE", "age_limit": 18, "hazard_precaution_statements": [], "labels": [], "description": "<b>Pasqua Amarone della Valpolicella DOCG</b> Fyldig, koncentreret, intens og kompleks rødvin fremstillet af bl.a. Corvina, Rondinella, Corvinone-druer. Duft og smag er af modne og tørrede brombær og kirsebær, nødder, kaffe, chokolade og vanilje. Det  fornemmes, at vinen er lagret i egetræsfade. Der er god friskhed i vinen og tanninen er på middel niveau. Vinen er velegnet til vildtkød, and, stegt svinekød og gryderetter, hvor et sødmefuldt tilbehør vil  øge fornemmelsen af friskhed samtidig med, at det står godt til vinens fyldige og intense karakter. Vinen er drikkeklar og kan holde i yderligere 4-5 år. Bør serveres ved 16°C", "info": "Oprindelsesland: Italien", "images": [{"small": "https://rema-product-images.digital.rema1000.dk/502449/1-small-xQq8amyd9Z.webp", "medium": "https://rema-product-images.digital.rema1000.dk/502449/1-medium-xQq8amyd9Z.webp", "large": "https://rema-product-images.digital.rema1000.dk/502449/1-large-xQq8amyd9Z.webp"}], "prices": [{"price": 169, "price_over_max_quantity": null, "max_quantity": null, "is_advertised": false, "is_campaign": false, "starting_at": "2023-01-05T00:00:00+00:00", "ending_at": "2099-12-31T00:00:00+00:00", "deposit": null, "compare_unit": "ltr", "compare_unit_price": 225.33, "consumption_unit": null, "consumption_quantity": null}], "temperature_zone": null, "is_self_scale_item": false, "is_weight_item": false, "is_available_in_all_stores": false, "is_batch_item": false}
{"id": 502482, "name": "SPUMANTE 6%", "underline": "75 CL. / MOSCATO", "age_limit": 16, "hazard_precaution_statements": [], "labels": [], "description": "<b>Scanavino Moscato Spumante Dolce</b> Fyldig, aromatisk og sød mousserende vin med lav alkohol fremstillet af Moscato-druer. I duften er der blomster. Smagen er af druer og moden frugt. Vinen er velegnet til desserter med frugt – sommerens bær eller melon, som en sød aperitif eller til kransekagen nytårsaften. Vinen er drikkeklar og bør serveres ved 6°C.", "info": "Oprindelsesland: Italien", "images": [{"small": "https://rema-product-images.digital.rema1000.dk/502482/1-small-MBoNvKEpov.webp", "medium": "https://rema-product-images.digital.rema1000.dk/502482/1-medium-MBoNvKEpov.webp", "large": "https://rema-product-images.digital.rema1000.dk/502482/1-large-MBoNvKEpov.webp"}], "prices": [{"price": 49, "price_over_max_quantity": null, "max_quantity": null, "is_advertised": false, "is_campaign": false, "starting_at": "2023-09-07T00:00:00+00:00", "ending_at": "2099-12-31T00:00:00+00:00", "deposit": null, "compare_unit": "ltr", "compare_unit_price": 65.33, "consumption_unit": null, "consumption_quantity": null}], "temperature_zone": null, "is_self_scale_item": false, "is_weight_item": false, "is_available_in_all_stores": true, "is_batch_item": false}
{"id": 50250, "name": "ARABICA BØNNER", "underline": "400 GR. / REMA 1000", "age_limit": null, "hazard_precaution_statements": [], "labels": [{"id": 2, "name": "REMA1000", "image": "https://static-assets.digital.rema1000.dk/product/labels/2-64.webp"}, {"id": 90, "name": "Rainforest Alliance certificeret", "image": "https://static-assets.digital.rema1000.dk/product/labels/90-64.webp"}], "description": "Ristningsgrad: Mellem. Dosering: 6-7 g pr. kop (1,5 dl). Opbevaring: Tørt, mørkt og tillukket.<br />", "info": "", "images": [{"small": "https://rema-product-images.digital.rema1000.dk/50250/1-small-vVorVpQo3z.webp", "medium": "https://rema-product-images.digital.rema1000.dk/50250/1-medium-vVorVpQo3z.webp", "large": "https://rema-product-images.digital.rema1000.dk/50250/1-large-vVorVpQo3z.webp"}], "prices": [{"price": 59.95, "price_over_max_quantity": null, "max_quantity": null, "is_advertised": false, "is_campaign": false, "starting_at": "2025-07-03T00:00:00+00:00", "ending_at": "2099-12-31T00:00:00+00:00", "deposit": null, "compare_unit": "kg", "compare_unit_price": 149.88, "consumption_unit": null, "consumption_quantity": null}], "temperature_zone": null, "is_self_scale_item": false, "is_weight_item": false, "is_available_in_all_stores": true, "is_batch_item": false}
{"id": 502542, "name": "AUKAN 13,5%", "underline": "3 LTR. / CABERNET SAUVIGNON", "age_limit": 18, "hazard_precaution_statements": [], "labels": [], "description": "<b>Aukan Cabernet Sauvignon (3 ltr. Bag in box)</b> Fyldig, kraftig, krydret og tør rødvin fremstillet af Cabernet Sauvignon-druer. Duft og smag er af blomme, kirsebær og krydderier. Der er god friskhed i vinen,  blød garvesyre og en fornemmelse af let sødme i den tørre vin. Vinen er velegnet til stegt oksekød, kalvekød eller gryderetter med rodfrugter. Sødmen i  rodfrugterne passer til den let sødmefulde fornemmelse i vinen og øger oplevelsen af friskhed i vinen. Vinen er drikkeklar og bør serveres ved 16°C.", "info": "Oprindelsesland: Chile", "images": [{"small": "https://rema-product-images.digital.rema1000.dk/502542/1-small-A4Py2b4noL.webp", "medium": "https://rema-product-images.digital.rema1000.dk/502542/1-medium-A4Py2b4noL.webp", "large": "https://rema-product-images.digital.rema1000.dk/502542/1-large-A4Py2b4noL.webp"}], "prices": [{"price": 99, "price_over_max_quantity": null, "max_quantity": null, "is_advertised": false, "is_campaign": false, "starting_at": "2024-04-25T00:00:00+00:00", "ending_at": "2099-12-31T00:00:00+00:00", "deposit": null, "compare_unit": "ltr", "compare_unit_price": 33, "consumption_unit": null, "consumption_quantity": null}], "temperature_zone": null, "is_self_scale_item": false, "is_weight_item": false, "is_available_in_all_stores": true, "is_batch_item": false}
{"id": 502562, "name": "FINCA SAN CARLOS 13%", "underline": "75 CL. / MALBEC", "age_limit": 18, "hazard_precaution_statements": [], "labels": [{"id": 5, "name": "Økologi", "image": "https://static-assets.digital.rema1000.dk/product/labels/5-64.webp"}], "description": "<b>Finca San Carlos Malbec Reserva (vegansk og økologisk)</b> Mørk, kraftig og intens rødvin fremstillet af Malbec-druer. Duft og smag er af modne blommer, brombær, saltlakrids og sorte oliven. Tanninindholdet er  forholdsvis højt, men vinen virker blød. Velegnet til mørkt kød som oksekød, dyrevildt eller til gryderetter. Vinen har også kræfter nok til at klare en burger.  Benyt gerne sødmefuldt tilbehør, der trækker friskhed frem i vinen, og får mad og vin til at harmonere. Vinen er drikkeklar, kan holde et par år frem og bør serveres ved 16°C. ", "info": "Oprindelsesland: Argentina", "images": [{"small": "https://rema-product-images.digital.rema1000.dk/502562/1-small-2B94pzdr9k.webp", "medium": "https://rema-product-images.digital.rema1000.dk/502562/1-medium-2B94pzdr9k.webp", "large": "https://rema-product-images.digital.rema1000.dk/502562/1-large-2B94pzdr9k.webp"}], "prices": [{"price": 55, "price_over_max_quantity": null, "max_quantity": null, "is_advertised": false, "is_campaign": false, "starting_at": "2023-01-05T00:00:00+00:00", "ending_at": "2099-12-31T00:00:00+00:00", "deposit": null, "compare_unit": "ltr", "compare_unit_price": 73.33, "consumption_unit": null, "consumption_quantity": null}], "temperature_zone": null, "is_self_scale_item": false, "is_weight_item": false, "is_available_in_all_stores": true, "is_batch_item": false}
{"id": 502594, "name": "S.C. VISTANA 12,5%", "underline": "75 CL. / CABERNET SAUVIGNON", "age_limit": 18, "hazard_precaution_statements": [], "labels": [], "description": "<b>Vinhuset Santa Carolina i Chile </b><br />Santa Carolinas historie går over 140 år tilbage, og det gør dem til et af Chiles ældste vinhuse. Hvert år modtager Santa Carolina flere medaljer og flotte anmeldelser, og i Danmark er deres vine kun at finde i REMA 1000. Vinhuset fremstiller kvalitetsvin til enhver lejlighed og til enhver pris – både hverdagsvinen og vinen til de særlige lejligheder.<br /><br /><b>Om denne vin</b><br />Santa Carolina Vistaña Cabernet Sauvignon. Den mellemfyldige og krydrede rødvin der charmerer med en blid, krydret solbærduft. Smagen er blød og rund med noter af frugt. Vinen med den smukke, dybe røde farve er især velegnet til stegt okse-, kalve- eller svinekød og nydes let afkølet ved 16 grader.", "info": "Oprindelsesland: Chile", "images": [{"small": "https://rema-product-images.digital.rema1000.dk/502594/1-small-vVorgrvvq3.webp", "medium": "https://rema-product-images.digital.rema1000.dk/502594/1-medium-vVorgrvvq3.webp", "large": "https://rema-product-images.digital.rema1000.dk/502594/1-large-vVorgrvvq3.webp"}], "prices": [{"price": 39, "price_over_max_quantity": null, "max_quantity": null, "is_advertised": false, "is_campaign": false, "starting_at": "2022-06-30T00:00:00+00:00", "ending_at": "2025-08-30T00:00:00+00:00", "deposit": null, "compare_unit": "ltr", "compare_unit_price": 52, "consumption_unit": null, "consumption_quantity": null}], "temperature_zone": null, "is_self_scale_item": false, "is_weight_item": false, "is_available_in_all_stores": true, "is_batch_item": false}
{"id": 502604, "name": "MONTIGOLI 15,5%", "underline": "75 CL. / AMARONE CLASSICO", "age_limit": 18, "hazard_precaution_statements": [], "labels": [], "description": "<b>Montigoli Amarone delle Valpolicella DOCG</b> Intens, kraftig og fyldig rødvin med duft og smag af friske og tørrede kirsebær, sveskeblommer, chokolade og vanilje. Fornemmelsen af fylde og sødme i den  tørre vin, gør vinen velegnet til vildt med sødmefuldt tilbehør. Vinen er også et oplagt valg til andesteg og flæskesteg med klassisk  tilbehør. Sødmen fra tilbehøret øger oplevelsen af friskhed i vinen og understreger samspillet mellem mad og vin. Vinen er drikkeklar og kan holde yderligere 3-4 år. Bør serveres ved 16°C. 92 point og bedste køb i Din Vinguide<br />", "info": "Oprindelsesland: Italien", "images": [{"small": "https://rema-product-images.digital.rema1000.dk/502604/1-small-OJq57ZGKPp.webp", "medium": "https://rema-product-images.digital.rema1000.dk/502604/1-medium-OJq57ZGKPp.webp", "large": "https://rema-product-images.digital.rema1000.dk/502604/1-large-OJq57ZGKPp.webp"}], "prices": [{"price": 135, "price_over_max_quantity": null, "max_quantity": null, "is_advertised": false, "is_campaign": false, "starting_at": "2024-11-28T00:00:00+00:00", "ending_at": "2099-12-31T00:00:00+00:00", "deposit": null, "compare_unit": "ltr", "compare_unit_price": 180, "consumption_unit": null, "consumption_quantity": null}], "temperature_zone": null, "is_self_scale_item": false, "is_weight_item": false, "is_available_in_all_stores": true, "is_batch_item": false}
{"id": 50271, "name": "LAVAZZA QUALITA", "underline": "250 GR. / ORO HELBØNNE", "age_limit": null, "hazard_precaution_statements": [], "labels": [], "description": null, "info": "", "images": [{"small": "https://rema-product-images.digital.rema1000.dk/50271/1-small-OW9OWdN9gE.webp", "medium": "https://rema-product-images.digital.rema1000.dk/50271/1-medium-OW9OWdN9gE.webp", "large": "https://rema-product-images.digital.rema1000.dk/50271/1-large-OW9OWdN9gE.webp"}], "prices": [{"price": 53, "price_over_max_quantity": null, "max_quantity": null, "is_advertised": false, "is_campaign": false, "starting_at": "2025-05-08T00:00:00+00:00", "ending_at": "2099-12-31T00:00:00+00:00", "deposit": null, "compare_unit": "kg", "compare_unit_price": 212, "consumption_unit": null, "consumption_quantity": null}], "temperature_zone": null, "is_self_scale_item": false, "is_weight_item": false, "is_available_in_all_stores": true, "is_batch_item": false}
{"id": 50274, "name": "JAVA COLOMBIA", "underline": "450 GR. / PETER LARSEN", "age_limit": null, "hazard_precaution_statements": [], "labels": [{"id": 90, "name": "Rainforest Alliance certificeret", "image": "https://static-assets.digital.rema1000.dk/product/labels/90-64.webp"}], "description": null, "info": "", "images": [{"small": "https://rema-product-images.digital.rema1000.dk/50274/1-small-869DRbEoMa.webp", "medium": "https://rema-product-images.digital.rema1000.dk/50274/1-medium-869DRbEoMa.webp", "large": "https://rema-product-images.digital.rema1000.dk/50274/1-large-869DRbEoMa.webp"}], "prices": [{"price": 85, "price_over_max_quantity": null, "max_quantity": null, "is_advertised": false, "is_campaign": false, "starting_at": "2025-06-05T00:00:00+00:00", "ending_at": "2025-08-23T00:00:00+00:00", "deposit": null, "compare_unit": "kg", "compare_unit_price": 188.89, "consumption_unit": null, "consumption_quantity": null}], "temperature_zone": null, "is_self_scale_item": false, "is_weight_item": false, "is_available_in_all_stores": false, "is_batch_item": false}
{"id": 502760, "name": "DIAMOND HILL 13,5%", "underline": "3 LTR. / SHIRAZ/MERLOT", "age_limit": 18, "hazard_precaution_statements": [], "labels": [], "description": "<b>Diamond Hill NV Shiraz-Merlot (3 ltr. bag in box)</b> Fyldig og krydret rødvin fremstillet af Shiraz og Merlot druer. Duft og smag er af kirsebær, nellike, peber og lakrids. Friskheden er middel og der er et middel  niveau af blød garvesyre. Der fornemmes en let sødme i den tørre vin. Velegnet til stegt kød, gryderetter, spareribs og hamburgere. Sødmefuldt  tilbehør som f.eks. barbecuemarinader eller stegte rodfrugter vil øge oplevelsen af friskhed og passe til vinens tyngde. Vinen er drikkeklar og bør serveres ved 16°C <br />", "info": "Oprindelsesland: Australien", "images": [{"small": "https://rema-product-images.digital.rema1000.dk/502760/1-small-6xqAOkn7PD.webp", "medium": "https://rema-product-images.digital.rema1000.dk/502760/1-medium-6xqAOkn7PD.webp", "large": "https://rema-product-images.digital.rema1000.dk/502760/1-large-6xqAOkn7PD.webp"}], "prices": [{"price": 125, "price_over_max_quantity": null, "max_quantity": null, "is_advertised": false, "is_campaign": false, "starting_at": "2022-01-20T00:00:00+00:00", "ending_at": "2025-08-30T00:00:00+00:00", "deposit": null, "compare_unit": "ltr", "compare_unit_price": 41.67, "consumption_unit": null, "consumption_quantity": null}], "temperature_zone": null, "is_self_scale_item": false, "is_weight_item": false, "is_available_in_all_stores": true, "is_batch_item": false}
{"id": 50288, "name": "RISTRETTO KAPSLER", "underline": "10 STK. / L'OR", "age_limit": null, "hazard_precaution_statements": [], "labels": [], "description": null, "info": "", "images": [{"small": "https://rema-product-images.digital.rema1000.dk/50288/1-small-xePwAzOqw8.webp", "medium": "https://rema-product-images.digital.rema1000.dk/50288/1-medium-xePwAzOqw8.webp", "large": "https://rema-product-images.digital.rema1000.dk/50288/1-large-xePwAzOqw8.webp"}], "prices": [{"price": 24, "price_over_max_quantity": null, "max_quantity": null, "is_advertised": false, "is_campaign": false, "starting_at": "2025-05-01T00:00:00+00:00", "ending_at": "2099-12-31T00:00:00+00:00", "deposit": null, "compare_unit": "stk", "compare_unit_price": 2.4, "consumption_unit": null, "consumption_quantity": null}], "temperature_zone": null, "is_self_scale_item": false, "is_weight_item": false, "is_available_in_all_stores": true, "is_batch_item": false}
{"id": 50289, "name": "PROFONDO KAPSLER", "underline": "10 STK. / L'OR", "age_limit": null, "hazard_precaution_statements": [], "labels": [], "description": null, "info": "", "images": [{"small": "https://rema-product-images.digital.rema1000.dk/50289/1-small-ElPBbVWPkG.webp", "medium": "https://rema-product-images.digital.rema1000.dk/50289/1-medium-ElPBbVWPkG.webp", "large": "https://rema-product-images.digital.rema1000.dk/50289/1-large-ElPBbVWPkG.webp"}], "prices": [{"price": 24, "price_over_max_quantity": null, "max_quantity": null, "is_advertised": false, "is_campaign": false, "starting_at": "2025-05-01T00:00:00+00:00", "ending_at": "2099-12-31T00:00:00+00:00", "deposit": null, "compare_unit": "stk", "compare_unit_price": 2.4, "consumption_unit": null, "consumption_quantity": null}], "temperature_zone": null, "is_self_scale_item": false, "is_weight_item": false, "is_available_in_all_stores": true, "is_batch_item": false}
{"id": 503336, "name": "1659 13,5%", "underline": "75 CL. / MERLOT", "age_limit": 18, "hazard_precaution_statements": [], "labels": [], "description": "<b>1659 Merlot</b> Fyldig, krydret rødvin med let sødme og fremstillet af Merlot-druer. Duft og smag er af blomme, vanilje, nellike, lakrids med en fornemmelse af røg fra  ristet egetræ. Friskheden er middel med et forholdsvis lavt garvesyreindhold. Vinen er velegnet til stegt kalve-, svinekød – også som spareribs eller  gryderetter. Vinen kan også klare en andesteg. Sødme i tilbehøret supplerer vinens lette sødme og øger fornemmelsen af friskhed i vinen. Vinen er drikkeklar og bør nydes ved 16°C.", "info": "Oprindelsesland: Sydafrikanske Republik", "images": [{"small": "https://rema-product-images.digital.rema1000.dk/503336/1-small-7doLOgZLP6.webp", "medium": "https://rema-product-images.digital.rema1000.dk/503336/1-medium-7doLOgZLP6.webp", "large": "https://rema-product-images.digital.rema1000.dk/503336/1-large-7doLOgZLP6.webp"}], "prices": [{"price": 49, "price_over_max_quantity": null, "max_quantity": null, "is_advertised": false, "is_campaign": false, "starting_at": "2023-04-20T00:00:00+00:00", "ending_at": "2099-12-31T00:00:00+00:00", "deposit": null, "compare_unit": "ltr", "compare_unit_price": 65.33, "consumption_unit": null, "consumption_quantity": null}], "temperature_zone": null, "is_self_scale_item": false, "is_weight_item": false, "is_available_in_all_stores": true, "is_batch_item": false}
{"id": 50345, "name": "HOUSE BLEND LUNGO", "underline": "57 GR. / STARBUCKS, NESPRESSO", "age_limit": null, "hazard_precaution_statements": [], "labels": [], "description": null, "info": "", "images": [{"small": "https://rema-product-images.digital.rema1000.dk/50345/1-small-ElPBGOjokG.webp", "medium": "https://rema-product-images.digital.rema1000.dk/50345/1-medium-ElPBGOjokG.webp", "large": "https://rema-product-images.digital.rema1000.dk/50345/1-large-ElPBGOjokG.webp"}], "prices": [{"price": 39.95, "price_over_max_quantity": null, "max_quantity": null, "is_advertised": false, "is_campaign": false, "starting_at": "2025-07-03T00:00:00+00:00", "ending_at": "2099-12-31T00:00:00+00:00", "deposit": null, "compare_unit": "kg", "compare_unit_price": 700.88, "consumption_unit": null, "consumption_quantity": null}], "temperature_zone": null, "is_self_scale_item": false, "is_weight_item": false, "is_available_in_all_stores": true, "is_batch_item": false}
{"id": 50347, "name": "ESPRESSO ROAST", "underline": "57 GR. / STARBUCKS NESPRESSO", "age_limit": null, "hazard_precaution_statements": [], "labels": [], "description": null, "info": "", "images": [{"small": "https://rema-product-images.digital.rema1000.dk/50347/1-small-3MoMM8lo5E.webp", "medium": "https://rema-product-images.digital.rema1000.dk/50347/1-medium-3MoMM8lo5E.webp", "large": "https://rema-product-images.digital.rema1000.dk/50347/1-large-3MoMM8lo5E.webp"}], "prices": [{"price": 39.95, "price_over_max_quantity": null, "max_quantity": null, "is_advertised": false, "is_campaign": false, "starting_at": "2025-07-03T00:00:00+00:00", "ending_at": "2099-12-31T00:00:00+00:00", "deposit": null, "compare_unit": "kg", "compare_unit_price": 700.88, "consumption_unit": null, "consumption_quantity": null}], "temperature_zone": null, "is_self_scale_item": false, "is_weight_item": false, "is_available_in_all_stores": true, "is_batch_item": false}
{"id": 50349, "name": "PIKE PLACE LUNGO", "underline": "53 GR. / STARBUCKS, NESPRESSO", "age_limit": null, "hazard_precaution_statements": [], "labels": [], "description": null, "info": "", "images": [{"small": "https://rema-product-images.digital.rema1000.dk/50349/1-small-xQq8GvdoZd.webp", "medium": "https://rema-product-images.digital.rema1000.dk/50349/1-medium-xQq8GvdoZd.webp", "large": "https://rema-product-images.digital.rema1000.dk/50349/1-large-xQq8GvdoZd.webp"}], "prices": [{"price": 39.95, "price_over_max_quantity": null, "max_quantity": null, "is_advertised": false, "is_campaign": false, "starting_at": "2025-07-03T00:00:00+00:00", "ending_at": "2099-12-31T00:00:00+00:00", "deposit": null, "compare_unit": "kg", "compare_unit_price": 753.77, "consumption_unit": null, "consumption_quantity": null}], "temperature_zone": null, "is_self_scale_item": false, "is_weight_item": false, "is_available_in_all_stores": true, "is_batch_item": false}
{"id": 50353, "name": "ESPRESSO BLONDE", "underline": "53 GR. / STARBUCKS NESPRESSO", "age_limit": null, "hazard_precaution_statements": [], "labels": [], "description": null, "info": "", "images": [{"small": "https://rema-product-images.digital.rema1000.dk/50353/1-small-aboKBavPpM.webp", "medium": "https://rema-product-images.digital.rema1000.dk/50353/1-medium-aboKBavPpM.webp", "large": "https://rema-product-images.digital.rema1000.dk/50353/1-large-aboKBavPpM.webp"}], "prices": [{"price": 39.95, "price_over_max_quantity": null, "max_quantity": null, "is_advertised": false, "is_campaign": false, "starting_at": "2025-07-03T00:00:00+00:00", "ending_at": "2099-12-31T00:00:00+00:00", "deposit": null, "compare_unit": "kg", "compare_unit_price": 753.77, "consumption_unit": null, "consumption_quantity": null}], "temperature_zone": null, "is_self_scale_item": false, "is_weight_item": false, "is_available_in_all_stores": true, "is_batch_item": false}
{"id": 50378, "name": "GOLD CREMA", "underline": "210 GR. / NESCAFE", "age_limit": null, "hazard_precaution_statements": [], "labels": [], "description": null, "info": "", "images": [{"small": "https://rema-product-images.digital.rema1000.dk/50378/1-small-yLqGGzAqd4.webp", "medium": "https://rema-product-images.digital.rema1000.dk/50378/1-medium-yLqGGzAqd4.webp", "large": "https://rema-product-images.digital.rema1000.dk/50378/1-large-yLqGGzAqd4.webp"}], "prices": [{"price": 99.95, "price_over_max_quantity": null, "max_quantity": null, "is_advertised": false, "is_campaign": false, "starting_at": "2025-07-03T00:00:00+00:00", "ending_at": "2025-09-06T00:00:00+00:00", "deposit": null, "compare_unit": "kg", "compare_unit_price": 475.95, "consumption_unit": null, "consumption_quantity": null}], "temperature_zone": null, "is_self_scale_item": false, "is_weight_item": false, "is_available_in_all_stores": true, "is_batch_item": false}
{"id": 50391, "name": "CAFFÉ CREMA", "underline": "1 KG. / LAVAZZA, CLASSICO", "age_limit": null, "hazard_precaution_statements": [], "labels": [], "description": null, "info": "", "images": [{"small": "https://rema-product-images.digital.rema1000.dk/50391/1-small-3MoMMVlo5E.webp", "medium": "https://rema-product-images.digital.rema1000.dk/50391/1-medium-3MoMMVlo5E.webp", "large": "https://rema-product-images.digital.rema1000.dk/50391/1-large-3MoMMVlo5E.webp"}], "prices": [{"price": 169, "price_over_max_quantity": null, "max_quantity": null, "is_advertised": false, "is_campaign": false, "starting_at": "2025-05-08T00:00:00+00:00", "ending_at": "2099-12-31T00:00:00+00:00", "deposit": null, "compare_unit": "kg", "compare_unit_price": 169, "consumption_unit": null, "consumption_quantity": null}], "temperature_zone": null, "is_self_scale_item": false, "is_weight_item": false, "is_available_in_all_stores": true, "is_batch_item": false}
{"id": 50418, "name": "CAFÉ CREMA", "underline": "1 KG. / REMA 1000, HELE BØNNER", "age_limit": null, "hazard_precaution_statements": [], "labels": [{"id": 2, "name": "REMA1000", "image": "https://static-assets.digital.rema1000.dk/product/labels/2-64.webp"}, {"id": 90, "name": "Rainforest Alliance certificeret", "image": "https://static-assets.digital.rema1000.dk/product/labels/90-64.webp"}], "description": null, "info": "", "images": [{"small": "https://rema-product-images.digital.rema1000.dk/50418/1-small-2B94G3rqkM.webp", "medium": "https://rema-product-images.digital.rema1000.dk/50418/1-medium-2B94G3rqkM.webp", "large": "https://rema-product-images.digital.rema1000.dk/50418/1-large-2B94G3rqkM.webp"}], "prices": [{"price": 149.95, "price_over_max_quantity": null, "max_quantity": null, "is_advertised": false, "is_campaign": false, "starting_at": "2025-07-03T00:00:00+00:00", "ending_at": "2025-08-23T00:00:00+00:00", "deposit": null, "compare_unit": "kg", "compare_unit_price": 149.95, "consumption_unit": null, "consumption_quantity": null}], "temperature_zone": null, "is_self_scale_item": false, "is_weight_item": false, "is_available_in_all_stores": true, "is_batch_item": false}
{"id": 50439, "name": "ORGANIC MEDIUM ROAST", "underline": "400 GR. / LÖFBERGS, HELE BØNNER", "age_limit": null, "hazard_precaution_statements": [], "labels": [{"id": 5, "name": "Økologi", "image": "https://static-assets.digital.rema1000.dk/product/labels/5-64.webp"}], "description": null, "info": "", "images": [{"small": "https://rema-product-images.digital.rema1000.dk/50439/1-small-zOPl7lJ9RW.webp", "medium": "https://rema-product-images.digital.rema1000.dk/50439/1-medium-zOPl7lJ9RW.webp", "large": "https://rema-product-images.digital.rema1000.dk/50439/1-large-zOPl7lJ9RW.webp"}], "prices": [{"price": 79, "price_over_max_quantity": null, "max_quantity": null, "is_advertised": false, "is_campaign": false, "starting_at": "2025-06-05T00:00:00+00:00", "ending_at": "2025-08-23T00:00:00+00:00", "deposit": null, "compare_unit": "kg", "compare_unit_price": 197.5, "consumption_unit": null, "consumption_quantity": null}], "temperature_zone": null, "is_self_scale_item": false, "is_weight_item": false, "is_available_in_all_stores": true, "is_batch_item": false}
{"id": 50443, "name": "ESPRESSO INTENSO", "underline": "10 STK. / REMA 1000", "age_limit": null, "hazard_precaution_statements": [], "labels": [{"id": 2, "name": "REMA1000", "image": "https://static-assets.digital.rema1000.dk/product/labels/2-64.webp"}, {"id": 95, "name": "Rainforest Alliance", "image": "https://static-assets.digital.rema1000.dk/product/labels/95-64.webp"}], "description": null, "info": "", "images": [{"small": "https://rema-product-images.digital.rema1000.dk/50443/1-small-dyomKlD9Vm.webp", "medium": "https://rema-product-images.digital.rema1000.dk/50443/1-medium-dyomKlD9Vm.webp", "large": "https://rema-product-images.digital.rema1000.dk/50443/1-large-dyomKlD9Vm.webp"}], "prices": [{"price": 18.95, "price_over_max_quantity": null, "max_quantity": null, "is_advertised": false, "is_campaign": false, "starting_at": "2025-04-03T00:00:00+00:00", "ending_at": "2099-12-31T00:00:00+00:00", "deposit": null, "compare_unit": "stk", "compare_unit_price": 1.9, "consumption_unit": null, "consumption_quantity": null}], "temperature_zone": null, "is_self_scale_item": false, "is_weight_item": false, "is_available_in_all_stores": true, "is_batch_item": false}
{"id": 50446, "name": "LUNGO", "underline": "10 STK. / REMA 1000", "age_limit": null, "hazard_precaution_statements": [], "labels": [{"id": 2, "name": "REMA1000", "image": "https://static-assets.digital.rema1000.dk/product/labels/2-64.webp"}, {"id": 95, "name": "Rainforest Alliance", "image": "https://static-assets.digital.rema1000.dk/product/labels/95-64.webp"}], "description": null, "info": "", "images": [{"small": "https://rema-product-images.digital.rema1000.dk/50446/1-small-kAon0M59x8.webp", "medium": "https://rema-product-images.digital.rema1000.dk/50446/1-medium-kAon0M59x8.webp", "large": "https://rema-product-images.digital.rema1000.dk/50446/1-large-kAon0M59x8.webp"}], "prices": [{"price": 18.95, "price_over_max_quantity": null, "max_quantity": null, "is_advertised": false, "is_campaign": false, "starting_at": "2025-04-03T00:00:00+00:00", "ending_at": "2099-12-31T00:00:00+00:00", "deposit": null, "compare_unit": "stk", "compare_unit_price": 1.9, "consumption_unit": null, "consumption_quantity": null}], "temperature_zone": null, "is_self_scale_item": false, "is_weight_item": false, "is_available_in_all_stores": true, "is_batch_item": false}
{"id": 504500, "name": "LIEBFRAUMILCH 9,5%", "underline": "75 CL. / QBA", "age_limit": 18, "hazard_precaution_statements": [], "labels": [], "description": "<b>St. Michael Liebfraumilch, Nahe QbA</b> Middel frisk og sød hvidvin. Duft og smag er af modne pærer og modne druer. Vinen er velegnet som sød aperitif. Vinen er drikkeklar og bør serveres ved 8°C.", "info": "Oprindelsesland: Tyskland", "images": [{"small": "https://rema-product-images.digital.rema1000.dk/504500/1-small-xePw0OAOow.webp", "medium": "https://rema-product-images.digital.rema1000.dk/504500/1-medium-xePw0OAOow.webp", "large": "https://rema-product-images.digital.rema1000.dk/504500/1-large-xePw0OAOow.webp"}], "prices": [{"price": 29, "price_over_max_quantity": null, "max_quantity": null, "is_advertised": false, "is_campaign": false, "starting_at": "2023-01-12T00:00:00+00:00", "ending_at": "2099-12-31T00:00:00+00:00", "deposit": null, "compare_unit": "ltr", "compare_unit_price": 38.67, "consumption_unit": null, "consumption_quantity": null}], "temperature_zone": null, "is_self_scale_item": false, "is_weight_item": false, "is_available_in_all_stores": true, "is_batch_item": false}
{"id": 50459, "name": "CLASSIC KAFFEPUDER", "underline": "36 STK. / REMA 1000", "age_limit": null, "hazard_precaution_statements": [], "labels": [{"id": 2, "name": "REMA1000", "image": "https://static-assets.digital.rema1000.dk/product/labels/2-64.webp"}, {"id": 95, "name": "Rainforest Alliance", "image": "https://static-assets.digital.rema1000.dk/product/labels/95-64.webp"}], "description": null, "info": "", "images": [{"small": "https://rema-product-images.digital.rema1000.dk/50459/1-small-KpqR7jd9Lz.webp", "medium": "https://rema-product-images.digital.rema1000.dk/50459/1-medium-KpqR7jd9Lz.webp", "large": "https://rema-product-images.digital.rema1000.dk/50459/1-large-KpqR7jd9Lz.webp"}], "prices": [{"price": 41.95, "price_over_max_quantity": null, "max_quantity": null, "is_advertised": false, "is_campaign": false, "starting_at": "2025-04-03T00:00:00+00:00", "ending_at": "2099-12-31T00:00:00+00:00", "deposit": null, "compare_unit": "stk", "compare_unit_price": 1.17, "consumption_unit": null, "consumption_quantity": null}], "temperature_zone": null, "is_self_scale_item": false, "is_weight_item": false, "is_available_in_all_stores": true, "is_batch_item": false}
{"id": 50476, "name": "ESPRESSO BØNNER", "underline": "1 KG. / REMA 1000", "age_limit": null, "hazard_precaution_statements": [], "labels": [{"id": 2, "name": "REMA1000", "image": "https://static-assets.digital.rema1000.dk/product/labels/2-64.webp"}, {"id": 90, "name": "Rainforest Alliance certificeret", "image": "https://static-assets.digital.rema1000.dk/product/labels/90-64.webp"}], "description": null, "info": "", "images": [{"small": "https://rema-product-images.digital.rema1000.dk/50476/1-small-nDPWbaG9Wa.webp", "medium": "https://rema-product-images.digital.rema1000.dk/50476/1-medium-nDPWbaG9Wa.webp", "large": "https://rema-product-images.digital.rema1000.dk/50476/1-large-nDPWbaG9Wa.webp"}], "prices": [{"price": 149.95, "price_over_max_quantity": null, "max_quantity": null, "is_advertised": false, "is_campaign": false, "starting_at": "2025-07-03T00:00:00+00:00", "ending_at": "2025-08-23T00:00:00+00:00", "deposit": null, "compare_unit": "kg", "compare_unit_price": 149.95, "consumption_unit": null, "consumption_quantity": null}], "temperature_zone": null, "is_self_scale_item": false, "is_weight_item": false, "is_available_in_all_stores": true, "is_batch_item": false}
{"id": 50479, "name": "CAPPUCCINO", "underline": "140 GR. / REMA 1000", "age_limit": null, "hazard_precaution_statements": [], "labels": [{"id": 2, "name": "REMA1000", "image": "https://static-assets.digital.rema1000.dk/product/labels/2-64.webp"}, {"id": 95, "name": "Rainforest Alliance", "image": "https://static-assets.digital.rema1000.dk/product/labels/95-64.webp"}], "description": null, "info": "", "images": [{"small": "https://rema-product-images.digital.rema1000.dk/50479/1-small-Gb9kgwE975.webp", "medium": "https://rema-product-images.digital.rema1000.dk/50479/1-medium-Gb9kgwE975.webp", "large": "https://rema-product-images.digital.rema1000.dk/50479/1-large-Gb9kgwE975.webp"}], "prices": [{"price": 13.95, "price_over_max_quantity": null, "max_quantity": null, "is_advertised": false, "is_campaign": false, "starting_at": "2025-06-05T00:00:00+00:00", "ending_at": "2099-12-31T00:00:00+00:00", "deposit": null, "compare_unit": "kg", "compare_unit_price": 99.64, "consumption_unit": null, "consumption_quantity": null}], "temperature_zone": null, "is_self_scale_item": false, "is_weight_item": false, "is_available_in_all_stores": true, "is_batch_item": false}
{"id": 504800, "name": "SCANAVINO 11,5%", "underline": "75 CL. / PINOT CHARDONNAY BRUT", "age_limit": 18, "hazard_precaution_statements": [], "labels": [], "description": "<b>Scanavino NV Pinot-Chardonnay, Vino Spumante Brut</b> Frisk, tør og forholdsvis fyldig mousserende vin fremstillet af Pinot Bianco- og Chardonnay-druer. Duft og smag er af modne æbler, ananas, fersken og citron.  Vinen er ideel som aperitif, eller til fisk og skaldyr, tapas, sushi eller til stærkt krydrerede retter med kylling, hvor friskheden og boblerne renser mundhulen.  Vinen kan også serveres til faste oste. Vinen er drikkeklar og bør serveres ved 8°C.", "info": "Oprindelsesland: Italien", "images": [{"small": "https://rema-product-images.digital.rema1000.dk/504800/1-small-xePw0OKKow.webp", "medium": "https://rema-product-images.digital.rema1000.dk/504800/1-medium-xePw0OKKow.webp", "large": "https://rema-product-images.digital.rema1000.dk/504800/1-large-xePw0OKKow.webp"}], "prices": [{"price": 49, "price_over_max_quantity": null, "max_quantity": null, "is_advertised": false, "is_campaign": false, "starting_at": "2023-04-20T00:00:00+00:00", "ending_at": "2099-12-31T00:00:00+00:00", "deposit": null, "compare_unit": "ltr", "compare_unit_price": 65.33, "consumption_unit": null, "consumption_quantity": null}], "temperature_zone": null, "is_self_scale_item": false, "is_weight_item": false, "is_available_in_all_stores": true, "is_batch_item": false}
{"id": 50503, "name": "KAFFEBØNNER SUPREME", "underline": "400 GR. / BLACK COFFEE", "age_limit": null, "hazard_precaution_statements": [], "labels": [], "description": null, "info": "", "images": [{"small": "https://rema-product-images.digital.rema1000.dk/50503/1-small-3MoMMe6o5E.webp", "medium": "https://rema-product-images.digital.rema1000.dk/50503/1-medium-3MoMMe6o5E.webp", "large": "https://rema-product-images.digital.rema1000.dk/50503/1-large-3MoMMe6o5E.webp"}], "prices": [{"price": 79, "price_over_max_quantity": null, "max_quantity": null, "is_advertised": false, "is_campaign": false, "starting_at": "2025-06-05T00:00:00+00:00", "ending_at": "2025-09-06T00:00:00+00:00", "deposit": null, "compare_unit": "kg", "compare_unit_price": 197.5, "consumption_unit": null, "consumption_quantity": null}], "temperature_zone": null, "is_self_scale_item": false, "is_weight_item": false, "is_available_in_all_stores": true, "is_batch_item": false}
{"id": 50506, "name": "KARAT", "underline": "400 GR. / ORIGINAL", "age_limit": null, "hazard_precaution_statements": [], "labels": [], "description": " I over 100 år er der rejst rundt i verdens bedste kaffedistrikter og udvalgt de fineste kaffesorter til Karat Kaffe. Senest har Karat Kaffe ændret lidt på sammensætningen af bønner, så kaffen får den helt rigtige fyldige smag, netop sådan som Karat skal være. Den nye bløde vakuumpakke sikrer optimal holdbarhed af kaffens aroma og smag.", "info": "", "images": [{"small": "https://rema-product-images.digital.rema1000.dk/50506/1-small-vVorvEDo3z.webp", "medium": "https://rema-product-images.digital.rema1000.dk/50506/1-medium-vVorvEDo3z.webp", "large": "https://rema-product-images.digital.rema1000.dk/50506/1-large-vVorvEDo3z.webp"}], "prices": [{"price": 66.95, "price_over_max_quantity": null, "max_quantity": null, "is_advertised": false, "is_campaign": false, "starting_at": "2025-07-03T00:00:00+00:00", "ending_at": "2025-09-13T00:00:00+00:00", "deposit": null, "compare_unit": "kg", "compare_unit_price": 167.38, "consumption_unit": null, "consumption_quantity": null}], "temperature_zone": null, "is_self_scale_item": false, "is_weight_item": false, "is_available_in_all_stores": false, "is_batch_item": false}
{"id": 50530, "name": "GEVALIA", "underline": "500 GR. / ORIGINAL", "age_limit": null, "hazard_precaution_statements": [], "labels": [], "description": null, "info": "", "images": [{"small": "https://rema-product-images.digital.rema1000.dk/50530/1-small-869DEjMPMa.webp", "medium": "https://rema-product-images.digital.rema1000.dk/50530/1-medium-869DEjMPMa.webp", "large": "https://rema-product-images.digital.rema1000.dk/50530/1-large-869DEjMPMa.webp"}], "prices": [{"price": 89, "price_over_max_quantity": null, "max_quantity": null, "is_advertised": false, "is_campaign": false, "starting_at": "2025-07-03T00:00:00+00:00", "ending_at": "2025-08-30T00:00:00+00:00", "deposit": null, "compare_unit": "kg", "compare_unit_price": 178, "consumption_unit": null, "consumption_quantity": null}], "temperature_zone": null, "is_self_scale_item": false, "is_weight_item": false, "is_available_in_all_stores": false, "is_batch_item": false}
{"id": 50541, "name": "KOFFEINFRI KAPSLER", "underline": "10 STK. / REMA 1000", "age_limit": null, "hazard_precaution_statements": [], "labels": [{"id": 2, "name": "REMA1000", "image": "https://static-assets.digital.rema1000.dk/product/labels/2-64.webp"}, {"id": 95, "name": "Rainforest Alliance", "image": "https://static-assets.digital.rema1000.dk/product/labels/95-64.webp"}], "description": null, "info": "", "images": [{"small": "https://rema-product-images.digital.rema1000.dk/50541/1-small-we9EGaLogp.webp", "medium": "https://rema-product-images.digital.rema1000.dk/50541/1-medium-we9EGaLogp.webp", "large": "https://rema-product-images.digital.rema1000.dk/50541/1-large-we9EGaLogp.webp"}], "prices": [{"price": 20, "price_over_max_quantity": null, "max_quantity": null, "is_advertised": false, "is_campaign": false, "starting_at": "2024-10-18T00:00:00+00:00", "ending_at": "2099-12-31T00:00:00+00:00", "deposit": null, "compare_unit": "stk", "compare_unit_price": 2, "consumption_unit": null, "consumption_quantity": null}], "temperature_zone": null, "is_self_scale_item": false, "is_weight_item": false, "is_available_in_all_stores": true, "is_batch_item": false}
{"id": 50547, "name": "LUNGO CREMA", "underline": "10 STK. / REMA 1000, MEXICO", "age_limit": null, "hazard_precaution_statements": [], "labels": [{"id": 2, "name": "REMA1000", "image": "https://static-assets.digital.rema1000.dk/product/labels/2-64.webp"}, {"id": 95, "name": "Rainforest Alliance", "image": "https://static-assets.digital.rema1000.dk/product/labels/95-64.webp"}], "description": null, "info": "", "images": [{"small": "https://rema-product-images.digital.rema1000.dk/50547/1-small-3MoMML6o5E.webp", "medium": "https://rema-product-images.digital.rema1000.dk/50547/1-medium-3MoMML6o5E.webp", "large": "https://rema-product-images.digital.rema1000.dk/50547/1-large-3MoMML6o5E.webp"}], "prices": [{"price": 18.95, "price_over_max_quantity": null, "max_quantity": null, "is_advertised": false, "is_campaign": false, "starting_at": "2025-05-08T00:00:00+00:00", "ending_at": "2099-12-31T00:00:00+00:00", "deposit": null, "compare_unit": "stk", "compare_unit_price": 1.9, "consumption_unit": null, "consumption_quantity": null}], "temperature_zone": null, "is_self_scale_item": false, "is_weight_item": false, "is_available_in_all_stores": true, "is_batch_item": false}
{"id": 505521, "name": "1659 12%", "underline": "75 CL. / CHARDONNAY", "age_limit": 18, "hazard_precaution_statements": [], "labels": [], "description": "<b>1659 Chardonnay</b> Fyldig hvidvin med duft og smag af tropisk frugt som ananas, banan, fersken og citron. Vinen er velegnet til kylling, stegt laks med lidt citron eller rejer.  Saucer baseret på fløde eller smør passer godt til vinens fylde. Vinen er drikkeklar og bør serveres ved 8°C.", "info": "Oprindelsesland: Sydafrikanske Republik", "images": [{"small": "https://rema-product-images.digital.rema1000.dk/505521/1-small-bJ9YpvppqL.webp", "medium": "https://rema-product-images.digital.rema1000.dk/505521/1-medium-bJ9YpvppqL.webp", "large": "https://rema-product-images.digital.rema1000.dk/505521/1-large-bJ9YpvppqL.webp"}], "prices": [{"price": 49, "price_over_max_quantity": null, "max_quantity": null, "is_advertised": false, "is_campaign": false, "starting_at": "2023-04-20T00:00:00+00:00", "ending_at": "2099-12-31T00:00:00+00:00", "deposit": null, "compare_unit": "ltr", "compare_unit_price": 65.33, "consumption_unit": null, "consumption_quantity": null}], "temperature_zone": null, "is_self_scale_item": false, "is_weight_item": false, "is_available_in_all_stores": true, "is_batch_item": false}
{"id": 505540, "name": "SANDHILLS 13%", "underline": "75 CL. / SAUVIGNON BLANC", "age_limit": 18, "hazard_precaution_statements": [], "labels": [], "description": "<b>Sandhills Sauvignon Blanc, Marlborough</b> Frisk, aromatisk og tør hvidvin fremstillet af Sauvignon Blanc–druer. Duft og smag er af hyldeblomst, grapefrugt, solbærblade, passionsfrugt, og  stikkelsbær. Vinen er meget intens og frisk med en god fylde og er meget anvendelig. Den kan klare asparges, gedeost, magre fisk gerne med citron,  sushi, skaldyr, salater, friske grøntsager og krydderurter, kål eller kylling. Velegnet også som aperitif. Vinen skal drikkes ung og bør serveres ved 8°C. 4 stjerner på www.instagram.com/supermarkedsvine den 9. juni 2025<br /> 90 point & 6/7 stjerner DanishWinetaster den 7. maj 2025<br /> 90 point & Value for money i verdensklasse! Vinoverset den 20. april 2025<br />", "info": "Oprindelsesland: New Zealand", "images": [{"small": "https://rema-product-images.digital.rema1000.dk/505540/1-small-rQqQVrVE9e.webp", "medium": "https://rema-product-images.digital.rema1000.dk/505540/1-medium-rQqQVrVE9e.webp", "large": "https://rema-product-images.digital.rema1000.dk/505540/1-large-rQqQVrVE9e.webp"}], "prices": [{"price": 69, "price_over_max_quantity": null, "max_quantity": null, "is_advertised": false, "is_campaign": false, "starting_at": "2023-03-09T00:00:00+00:00", "ending_at": "2025-08-30T00:00:00+00:00", "deposit": null, "compare_unit": "ltr", "compare_unit_price": 92, "consumption_unit": null, "consumption_quantity": null}], "temperature_zone": null, "is_self_scale_item": false, "is_weight_item": false, "is_available_in_all_stores": true, "is_batch_item": false}
{"id": 505542, "name": "CORTE ORSINI 12,5%", "underline": "75 CL. / CHIANTI RISERVA", "age_limit": 18, "hazard_precaution_statements": [], "labels": [], "description": "<b>Corte Orsini Chianti D.O.C.G. Riserva</b> Denne vin er produceret af 85% Sangiovese, 10% Canaiolo og 5% Cabernet druer, der er dyrket i Toscana området i Italien. Vinen har lagret på slavoniske  egetræsfade i mindst 12 måneder og herefter mindst tre måneder på flaske. Den har en intens rubinrød farve, frugtrig duft med et strejf af violer, tør og harmonisk smag med noter af mørk chokolade og sorte kirsebær samt en blød  og behagelig eftersmag. Denne harmoniske vin er særdeles velegnet til kalve- og oksekød, lam samt kylling. Vinen er drikkeklar og kan holde et par år frem.", "info": "Oprindelsesland: Italien", "images": [{"small": "https://rema-product-images.digital.rema1000.dk/505542/1-small-A4Py282YoL.webp", "medium": "https://rema-product-images.digital.rema1000.dk/505542/1-medium-A4Py282YoL.webp", "large": "https://rema-product-images.digital.rema1000.dk/505542/1-large-A4Py282YoL.webp"}], "prices": [{"price": 59, "price_over_max_quantity": null, "max_quantity": null, "is_advertised": false, "is_campaign": false, "starting_at": "2023-03-09T00:00:00+00:00", "ending_at": "2099-12-31T00:00:00+00:00", "deposit": null, "compare_unit": "ltr", "compare_unit_price": 78.67, "consumption_unit": null, "consumption_quantity": null}], "temperature_zone": null, "is_self_scale_item": false, "is_weight_item": false, "is_available_in_all_stores": true, "is_batch_item": false}
{"id": 505600, "name": "S.C. VISTANA 13%", "underline": "75 CL. / MERLOT", "age_limit": 18, "hazard_precaution_statements": [], "labels": [], "description": "<b>Vinhuset Santa Carolina i Chile </b><br />Santa Carolinas historie går over 140 år tilbage, og det gør dem til et af Chiles ældste vinhuse. Hvert år modtager Santa Carolina flere medaljer og flotte anmeldelser, og i Danmark er deres vine kun at finde i REMA 1000. Vinhuset fremstiller kvalitetsvin til enhver lejlighed og til enhver pris – både hverdagsvinen og vinen til de særlige lejligheder.<br /><br /><b>Om denne vin</b><br />Santa Carolina Merlot, Vistaña. Den mellemfyldige og krydrede rødvin fremstillet af Merlot-druer. Vinen har en blød duft af sorte og røde bær med en lille snert af nymalet kaffe. Smagen er let med en forfriskende syre og en afrundet tør eftersmag. Denne friske og frugtige rødvin er især velegnet til svinekød, i retter som paprikagryde eller koteletter i fad. Vinen nydes ved 16 grader. ", "info": "Oprindelsesland: Chile", "images": [{"small": "https://rema-product-images.digital.rema1000.dk/505600/1-small-xePw0MYOow.webp", "medium": "https://rema-product-images.digital.rema1000.dk/505600/1-medium-xePw0MYOow.webp", "large": "https://rema-product-images.digital.rema1000.dk/505600/1-large-xePw0MYOow.webp"}], "prices": [{"price": 39, "price_over_max_quantity": null, "max_quantity": null, "is_advertised": false, "is_campaign": false, "starting_at": "2022-06-30T00:00:00+00:00", "ending_at": "2025-08-30T00:00:00+00:00", "deposit": null, "compare_unit": "ltr", "compare_unit_price": 52, "consumption_unit": null, "consumption_quantity": null}], "temperature_zone": null, "is_self_scale_item": false, "is_weight_item": false, "is_available_in_all_stores": true, "is_batch_item": false}
{"id": 505630, "name": "FREIXENET SPARKLING", "underline": "75 CL. / ALKOHOLFRI, LOW CALORIE", "age_limit": null, "hazard_precaution_statements": [], "labels": [], "description": "<b>Freixenet mousserende (alkoholfri)</b> Freixenet, der blev grundlagt i 1889 af Pedro Ferrer Bosch og Dolores Sala Vivé, er beliggende i Penedès området, der er en del af regionen Katalonien i  Spanien. Freixenet er verdens største producent og eksportør af mousserende vine produceret på champagnemetoden – de eksporterer til over 120 lande  verden over. Freixenet er verdens mest solgte Cava. Udover Cava producerer Freixenet også rød-, hvid- og rosévine samt en serie alkoholfri vine. Denne  Freixenet Sparkling er produceret af 100% Moscatel druer, der er dyrket i Spanien. Vinen er afalkoholiseret og indeholder dermed maksimum 0,05% alkohol, hvorfor den går under betegnelsen alkoholfri. Det er en flot alkoholfri mousserende hvidvin med lys farve, fine bobler, der giver en elegant og vedvarende mousse, delikat duft af tropisk frugt og modne  hvide frugter, frisk frugtsmag med en behagelig frugtig sødme samt en blid eftersmag. Denne vin er velegnet som aperitif, til røget fisk samt kold buffet. Vinen skal serveres afkølet og er ikke velegnet til henlægning, så den bør drikkes, mens den er ung.", "info": "Oprindelsesland: Spanien", "images": [{"small": "https://rema-product-images.digital.rema1000.dk/505630/1-small-869DKGwEqM.webp", "medium": "https://rema-product-images.digital.rema1000.dk/505630/1-medium-869DKGwEqM.webp", "large": "https://rema-product-images.digital.rema1000.dk/505630/1-large-869DKGwEqM.webp"}], "prices": [{"price": 49, "price_over_max_quantity": null, "max_quantity": null, "is_advertised": false, "is_campaign": false, "starting_at": "2025-03-06T00:00:00+00:00", "ending_at": "2099-12-31T00:00:00+00:00", "deposit": 1, "compare_unit": "ltr", "compare_unit_price": 65.33, "consumption_unit": null, "consumption_quantity": null}], "temperature_zone": null, "is_self_scale_item": false, "is_weight_item": false, "is_available_in_all_stores": true, "is_batch_item": false}
{"id": 505715, "name": "DIAMOND HILL 13%", "underline": "3 LTR. / CHARDONNAY BIB", "age_limit": 18, "hazard_precaution_statements": [], "labels": [], "description": "<b>Diamond Hill, Chardonnay (3 ltr. bag in box)</b> Forholdsvis fyldig hvidvin fremstillet af Chardonnay-druer. Duft og smag er af melon, fersken, citron, ananas og smør. Der er middel friskhed i vinen. Vinen er  velegnet til fed fisk og skaldyr, svinekød, kylling, faste oste eller som aperitif. Hvis der indgår smør eller fløde i retten passer det til vinens karakter. Vinen er drikkeklar og bør serveres ved 8°C", "info": "Oprindelsesland: Australien", "images": [{"small": "https://rema-product-images.digital.rema1000.dk/505715/1-small-KpqRvgz1qL.webp", "medium": "https://rema-product-images.digital.rema1000.dk/505715/1-medium-KpqRvgz1qL.webp", "large": "https://rema-product-images.digital.rema1000.dk/505715/1-large-KpqRvgz1qL.webp"}], "prices": [{"price": 125, "price_over_max_quantity": null, "max_quantity": null, "is_advertised": false, "is_campaign": false, "starting_at": "2022-01-20T00:00:00+00:00", "ending_at": "2025-08-30T00:00:00+00:00", "deposit": null, "compare_unit": "ltr", "compare_unit_price": 41.67, "consumption_unit": null, "consumption_quantity": null}], "temperature_zone": null, "is_self_scale_item": false, "is_weight_item": false, "is_available_in_all_stores": true, "is_batch_item": false}
{"id": 505912, "name": "LAMBRUSCO 7,5%", "underline": "75 CL. / EMILIA ROSATI", "age_limit": 18, "hazard_precaution_statements": [], "labels": [], "description": "<b>Lambrusco Rose´ Emilia I.G.T. </b> Lambrusco er ba°de navnet pa° en italiensk drue og en italiensk vin. Lambrusco har en respektabel gammel historie og stammer oprindeligt fra Emilia-Romagna-omra°det. Lambrusco-vinstokkene er lokale i regionen og har været der sa° længe, at de har kunnet udvikle en masse forskellige kloner. I dag ndes der mere end 60  medlemmer af Lambrusco-familien, spredt ud over hele Italien, fra Sicilien til Piemonte og til Veneto. Lambrusco-vinstokke opbindes højt, pa° pergolaer. I  gamle dage blev de bundet op til træstammer: Selv i dag er popler med vinstokke klatrende op af stammen et almindeligt syn i Italien. Den typiske Lambrusco-vin er let til medium i strukturen, har en temmelig lav alkoholstyrke, en betydelig mængde restsukker og tilstrækkelig kulsyre til at  gøre den frizzante (let perlende). Denne rose´ er produceret af 100% Lambrusco-druer, der er dyrket i Emilia-omra°det i Italien. Det er en sprudlende og frisk let tør rose´vin med behagelig frugtagtig duft og speciel smag. Vinen skal serveres afkølet og bør drikkes, mens den er ung og frisk.", "info": "Oprindelsesland: Italien", "images": [{"small": "https://rema-product-images.digital.rema1000.dk/505912/1-small-18oXgbMyPk.webp", "medium": "https://rema-product-images.digital.rema1000.dk/505912/1-medium-18oXgbMyPk.webp", "large": "https://rema-product-images.digital.rema1000.dk/505912/1-large-18oXgbMyPk.webp"}], "prices": [{"price": 37.95, "price_over_max_quantity": null, "max_quantity": null, "is_advertised": false, "is_campaign": false, "starting_at": "2025-03-06T00:00:00+00:00", "ending_at": "2099-12-31T00:00:00+00:00", "deposit": null, "compare_unit": "ltr", "compare_unit_price": 50.6, "consumption_unit": null, "consumption_quantity": null}], "temperature_zone": null, "is_self_scale_item": false, "is_weight_item": false, "is_available_in_all_stores": true, "is_batch_item": false}
{"id": 506005, "name": "FREIXENET CAVA BRUT 11,5%", "underline": "75 CL. / CORDON NEGRO", "age_limit": 18, "hazard_precaution_statements": [], "labels": [], "description": "<b>Freixenet Cordon Negro Brut</b> Frisk, tør og forholdsvis fyldig mousserende vin fremstillet af Macabeo-, Xarel-lo- og Parellada-druer. Duft og smag er af citron, grønne æbler og abrikos.  Velegnet som aperitif, til fisk og skaldyr, hvor citron i retten passer til vinens aromaer. Vinen er også velegnet til tapas, sushi eller faste oste, hvor  friskheden og boblerne renser mundhulen. Vinen er drikkeklar og kan holde yderligere et par år frem. Bør serveres ved 8°C 8/10 stjerner på www.instagram.com/vinoverset marts 2025<br /> 5 stjerner i Vinavisen april 2025<br />", "info": "Oprindelsesland: Spanien", "images": [{"small": "https://rema-product-images.digital.rema1000.dk/506005/1-small-xQq8azRa9Z.webp", "medium": "https://rema-product-images.digital.rema1000.dk/506005/1-medium-xQq8azRa9Z.webp", "large": "https://rema-product-images.digital.rema1000.dk/506005/1-large-xQq8azRa9Z.webp"}], "prices": [{"price": 59, "price_over_max_quantity": null, "max_quantity": null, "is_advertised": false, "is_campaign": false, "starting_at": "2025-07-10T00:00:00+00:00", "ending_at": "2099-12-31T00:00:00+00:00", "deposit": null, "compare_unit": "ltr", "compare_unit_price": 78.67, "consumption_unit": null, "consumption_quantity": null}], "temperature_zone": null, "is_self_scale_item": false, "is_weight_item": false, "is_available_in_all_stores": true, "is_batch_item": false}
{"id": 50611, "name": "SPECIALRISTET NO 162", "underline": "400 GR. / MERRILD", "age_limit": null, "hazard_precaution_statements": [], "labels": [], "description": "Merrild Specialristet er til dig, der foretrækker en god og kraftig kop kaffe med fylde og smag. Når bønnerne ankommer til vores kafferisteri, ristes de så tilpas, at de giver mere fylde end en mellemristet kaffe. Det giver en mørkere og lid kraftigere kaffe", "info": "", "images": [{"small": "https://rema-product-images.digital.rema1000.dk/50611/1-small-A5qVXvRPaQ.webp", "medium": "https://rema-product-images.digital.rema1000.dk/50611/1-medium-A5qVXvRPaQ.webp", "large": "https://rema-product-images.digital.rema1000.dk/50611/1-large-A5qVXvRPaQ.webp"}], "prices": [{"price": 56, "price_over_max_quantity": null, "max_quantity": null, "is_advertised": false, "is_campaign": false, "starting_at": "2025-05-08T00:00:00+00:00", "ending_at": "2025-08-20T00:00:00+00:00", "deposit": null, "compare_unit": "kg", "compare_unit_price": 140, "consumption_unit": null, "consumption_quantity": null}], "temperature_zone": null, "is_self_scale_item": false, "is_weight_item": false, "is_available_in_all_stores": false, "is_batch_item": false}
{"id": 50612, "name": "TIERRA ORGANIC FILTER", "underline": "180 GR. / LAVAZZA", "age_limit": null, "hazard_precaution_statements": [], "labels": [{"id": 5, "name": "Økologi", "image": "https://static-assets.digital.rema1000.dk/product/labels/5-64.webp"}, {"id": 86, "name": "UTZ", "image": "https://static-assets.digital.rema1000.dk/product/labels/86-64.webp"}], "description": null, "info": "", "images": [{"small": "https://rema-product-images.digital.rema1000.dk/50612/1-small-18oXvld9kb.webp", "medium": "https://rema-product-images.digital.rema1000.dk/50612/1-medium-18oXvld9kb.webp", "large": "https://rema-product-images.digital.rema1000.dk/50612/1-large-18oXvld9kb.webp"}], "prices": [{"price": 45, "price_over_max_quantity": null, "max_quantity": null, "is_advertised": false, "is_campaign": false, "starting_at": "2025-08-07T00:00:00+00:00", "ending_at": "2025-08-20T00:00:00+00:00", "deposit": null, "compare_unit": "kg", "compare_unit_price": 250, "consumption_unit": null, "consumption_quantity": null}], "temperature_zone": null, "is_self_scale_item": false, "is_weight_item": false, "is_available_in_all_stores": true, "is_batch_item": true}
{"id": 506306, "name": "VALPOLICELLA 13,5%", "underline": "75 CL. / RIPASSO", "age_limit": 18, "hazard_precaution_statements": [], "labels": [{"id": 5, "name": "Økologi", "image": "https://static-assets.digital.rema1000.dk/product/labels/5-64.webp"}], "description": "<b>Antiche Terre Mezzo Monte Valpolicella Ripasso DOC (økologisk)</b> Fyldig og intens rødvin med en fornemmelse af let sødme og fremstillet af økologiske Corvina-, Molinara- og Rondinella-druer. Duft og smag er af modne  kirsebær, blommer, marcipan, kakao og af kaffe. Der er god friskhed i vinen, der også har et godt indhold af garvesyre, som giver karakter til vinen. Vinen er  velegnet til mange forskellige retter med kød, der både kan være svinekød eller mørkere typer som f.eks. vildtkød. Benyt gerne et sødligt tilbehør til retten, der  passer godt sammen med den let sødmefulde vin, og som vil øge fornemmelsen af friskhed i vinen. Vinen er drikkeklar og kan holde yderligere to-tre år frem. Bør serveres ved 16°C.", "info": "Oprindelsesland: Italien", "images": [{"small": "https://rema-product-images.digital.rema1000.dk/506306/1-small-vVorgl7pq3.webp", "medium": "https://rema-product-images.digital.rema1000.dk/506306/1-medium-vVorgl7pq3.webp", "large": "https://rema-product-images.digital.rema1000.dk/506306/1-large-vVorgl7pq3.webp"}], "prices": [{"price": 85, "price_over_max_quantity": null, "max_quantity": null, "is_advertised": false, "is_campaign": false, "starting_at": "2023-03-23T00:00:00+00:00", "ending_at": "2099-12-31T00:00:00+00:00", "deposit": null, "compare_unit": "ltr", "compare_unit_price": 113.33, "consumption_unit": null, "consumption_quantity": null}], "temperature_zone": null, "is_self_scale_item": false, "is_weight_item": false, "is_available_in_all_stores": true, "is_batch_item": false}
{"id": 506330, "name": "CASTEL DES MAURES 13%", "underline": "75 CL. / ROSÉ", "age_limit": 18, "hazard_precaution_statements": [], "labels": [], "description": "<b>Château Castel des Maures rosé</b> Denne vin kommer fra det lille slot Château Castel des Maures og består af 50 % Grenache og 50 % Cinsault. Vinen har en smag af citron, hindbær og urter. Første indtryk er frisk frugt og en livlig syre, der hurtigt går over i en rund fylde og en lang delikat eftersmag. Velegnet til tapas, asiatisk mad, magre fisk og salater med citron. <b>5 stjerner i vinbladet april 2021</b><br />", "info": "Oprindelsesland: Frankrig", "images": [{"small": "https://rema-product-images.digital.rema1000.dk/506330/1-small-869DKGyrqM.webp", "medium": "https://rema-product-images.digital.rema1000.dk/506330/1-medium-869DKGyrqM.webp", "large": "https://rema-product-images.digital.rema1000.dk/506330/1-large-869DKGyrqM.webp"}], "prices": [{"price": 65, "price_over_max_quantity": null, "max_quantity": null, "is_advertised": false, "is_campaign": false, "starting_at": "2024-03-21T00:00:00+00:00", "ending_at": "2099-12-31T00:00:00+00:00", "deposit": null, "compare_unit": "ltr", "compare_unit_price": 86.67, "consumption_unit": null, "consumption_quantity": null}], "temperature_zone": null, "is_self_scale_item": false, "is_weight_item": false, "is_available_in_all_stores": true, "is_batch_item": false}
{"id": 50650, "name": "MELLEMRISTET NO 103", "underline": "500 GR. / MERRILD", "age_limit": null, "hazard_precaution_statements": [], "labels": [], "description": "Merrild Mellemristet er til dig, der foretrækker en god og fyldig kop kaffe med masser af smag og aroma. Kaffen består udelukkende af Arabica bønner - udvalgt fra de bedste kaffedistrikter i verden. Når bønnerne ankommer til vores kafferisteri, ristes de nænsomt. Ristetiden og temperaturen er afgørende for aromaen og smagen. Merrild Mellemristet bliver ristet så tilpas længe, at kaffebønnerne får deres karakteristiske lysebrune udseende og harmoniske smag", "info": "", "images": [{"small": "https://rema-product-images.digital.rema1000.dk/50650/1-small-vVorvA8o3z.webp", "medium": "https://rema-product-images.digital.rema1000.dk/50650/1-medium-vVorvA8o3z.webp", "large": "https://rema-product-images.digital.rema1000.dk/50650/1-large-vVorvA8o3z.webp"}], "prices": [{"price": 79, "price_over_max_quantity": null, "max_quantity": null, "is_advertised": false, "is_campaign": false, "starting_at": "2025-05-08T00:00:00+00:00", "ending_at": "2025-08-23T00:00:00+00:00", "deposit": null, "compare_unit": "kg", "compare_unit_price": 158, "consumption_unit": null, "consumption_quantity": null}], "temperature_zone": null, "is_self_scale_item": false, "is_weight_item": false, "is_available_in_all_stores": true, "is_batch_item": false}
{"id": 507209, "name": "MONTEBELLO TAWNY 19,5%", "underline": "75 CL.", "age_limit": 18, "hazard_precaution_statements": [], "labels": [], "description": "<b>Montebello Tawny Port</b> Sød Tawny portvin med duft og smag af kirsebær, mandel, valnød, rosin og brun farin. Aromaerne i portvinen passer godt til desserter med tørret frugt og til nødder. Vinen er drikkeklar og bør drikkes ung. Prøv at servere portvinen afkølet ved 10°C, det øger oplevelsen af friskhed og vil dæmpe sødmen i vinen.", "info": "Oprindelsesland: Portugal", "images": [{"small": "https://rema-product-images.digital.rema1000.dk/507209/1-small-aboKgwYWop.webp", "medium": "https://rema-product-images.digital.rema1000.dk/507209/1-medium-aboKgwYWop.webp", "large": "https://rema-product-images.digital.rema1000.dk/507209/1-large-aboKgwYWop.webp"}], "prices": [{"price": 55, "price_over_max_quantity": null, "max_quantity": null, "is_advertised": false, "is_campaign": false, "starting_at": "2023-01-19T00:00:00+00:00", "ending_at": "2099-12-31T00:00:00+00:00", "deposit": null, "compare_unit": "ltr", "compare_unit_price": 73.33, "consumption_unit": null, "consumption_quantity": null}], "temperature_zone": null, "is_self_scale_item": false, "is_weight_item": false, "is_available_in_all_stores": true, "is_batch_item": false}
{"id": 507210, "name": "MONTEBELLO PORTO 19,5%", "underline": "75 CL. / WHITE", "age_limit": 18, "hazard_precaution_statements": [], "labels": [], "description": "<b>Montebello, White Port</b> Hvid, fyldig og sød portvin med duft og smag af modne røde æbler, tørrede figner og brun farin. Der er ikke så meget friskhed i vinen, og den vil have godt af at blive serveret afkølet for, at den kan fremstå  friskere. Kan anvendes som aperitif eller blandet med tonicvand. Vinen bør drikkes ung.", "info": "Oprindelsesland: Portugal", "images": [{"small": "https://rema-product-images.digital.rema1000.dk/507210/1-small-Al90Mv07P8.webp", "medium": "https://rema-product-images.digital.rema1000.dk/507210/1-medium-Al90Mv07P8.webp", "large": "https://rema-product-images.digital.rema1000.dk/507210/1-large-Al90Mv07P8.webp"}], "prices": [{"price": 55, "price_over_max_quantity": null, "max_quantity": null, "is_advertised": false, "is_campaign": false, "starting_at": "2023-01-19T00:00:00+00:00", "ending_at": "2099-12-31T00:00:00+00:00", "deposit": null, "compare_unit": "ltr", "compare_unit_price": 73.33, "consumption_unit": null, "consumption_quantity": null}], "temperature_zone": null, "is_self_scale_item": false, "is_weight_item": false, "is_available_in_all_stores": true, "is_batch_item": false}
{"id": 507211, "name": "SORIA MOSCATO 7%", "underline": "20 CL. / ROSE", "age_limit": 18, "hazard_precaution_statements": [], "labels": [], "description": "<b>Soria Moscato Rosato, Vino Spumante</b> Sød, intens og fyldig mousserende rosévin med duft og smag af modne jordbær, fersken og druer. God til desserter med bær eller som en sød aperitif.", "info": "Oprindelsesland: Italien", "images": [{"small": "https://rema-product-images.digital.rema1000.dk/507211/1-small-A5qVdVw1Pa.webp", "medium": "https://rema-product-images.digital.rema1000.dk/507211/1-medium-A5qVdVw1Pa.webp", "large": "https://rema-product-images.digital.rema1000.dk/507211/1-large-A5qVdVw1Pa.webp"}], "prices": [{"price": 25, "price_over_max_quantity": null, "max_quantity": null, "is_advertised": false, "is_campaign": false, "starting_at": "2025-02-06T00:00:00+00:00", "ending_at": "2099-12-31T00:00:00+00:00", "deposit": null, "compare_unit": "ltr", "compare_unit_price": 125, "consumption_unit": null, "consumption_quantity": null}], "temperature_zone": null, "is_self_scale_item": false, "is_weight_item": false, "is_available_in_all_stores": true, "is_batch_item": false}
{"id": 50734, "name": "AMERICANO", "underline": "16 STK. / REMA 1000", "age_limit": null, "hazard_precaution_statements": [], "labels": [{"id": 2, "name": "REMA1000", "image": "https://static-assets.digital.rema1000.dk/product/labels/2-64.webp"}], "description": null, "info": "", "images": [{"small": "https://rema-product-images.digital.rema1000.dk/50734/1-small-yLqGGXjqd4.webp", "medium": "https://rema-product-images.digital.rema1000.dk/50734/1-medium-yLqGGXjqd4.webp", "large": "https://rema-product-images.digital.rema1000.dk/50734/1-large-yLqGGXjqd4.webp"}], "prices": [{"price": 34.95, "price_over_max_quantity": null, "max_quantity": null, "is_advertised": false, "is_campaign": false, "starting_at": "2025-04-03T00:00:00+00:00", "ending_at": "2099-12-31T00:00:00+00:00", "deposit": null, "compare_unit": "stk", "compare_unit_price": 2.18, "consumption_unit": null, "consumption_quantity": null}], "temperature_zone": null, "is_self_scale_item": false, "is_weight_item": false, "is_available_in_all_stores": true, "is_batch_item": false}
{"id": 507350, "name": "DON BENIGNO 17,5%", "underline": "75 CL. / CREAM SHERRY", "age_limit": 18, "hazard_precaution_statements": [], "labels": [], "description": "<b>Don Benigno NV Cream sherry, Jerez D.O.</b> Fyldig og sød Sherry. Duft og smag er af tørret figen, valnød og lidt af citronskal. Søde desserter gerne med tørret frugt samt nødder passer til vinens  karakter. Kan også benyttes som sød aperitif eller til ost. Vinen er drikkeklar og bør serveres ved 8°C.", "info": "Oprindelsesland: Spanien", "images": [{"small": "https://rema-product-images.digital.rema1000.dk/507350/1-small-vVorgpQkq3.webp", "medium": "https://rema-product-images.digital.rema1000.dk/507350/1-medium-vVorgpQkq3.webp", "large": "https://rema-product-images.digital.rema1000.dk/507350/1-large-vVorgpQkq3.webp"}], "prices": [{"price": 55, "price_over_max_quantity": null, "max_quantity": null, "is_advertised": false, "is_campaign": false, "starting_at": "2024-01-04T00:00:00+00:00", "ending_at": "2099-12-31T00:00:00+00:00", "deposit": null, "compare_unit": "ltr", "compare_unit_price": 73.33, "consumption_unit": null, "consumption_quantity": null}], "temperature_zone": null, "is_self_scale_item": false, "is_weight_item": false, "is_available_in_all_stores": true, "is_batch_item": false}
{"id": 507650, "name": "KIRSEBÆRVIN 14%", "underline": "75 CL. / DANSK FRUGTVIN", "age_limit": 18, "hazard_precaution_statements": [], "labels": [], "description": "<b>God dansk kirsebærvin</b> Sød og fyldig kirsebærvin. Duft og smag er af kirsebær, mandler og marcipan. Velegnet som sød aperitif eller til desserter, hvor der indgår kirsebær eller kirsebærsauce.  Bør serveres ved 7°C.", "info": "Oprindelsesland: Danmark", "images": [{"small": "https://rema-product-images.digital.rema1000.dk/507650/1-small-vVorgpd7q3.webp", "medium": "https://rema-product-images.digital.rema1000.dk/507650/1-medium-vVorgpd7q3.webp", "large": "https://rema-product-images.digital.rema1000.dk/507650/1-large-vVorgpd7q3.webp"}], "prices": [{"price": 33, "price_over_max_quantity": null, "max_quantity": null, "is_advertised": false, "is_campaign": false, "starting_at": "2024-03-28T00:00:00+00:00", "ending_at": "2099-12-31T00:00:00+00:00", "deposit": null, "compare_unit": "ltr", "compare_unit_price": 44, "consumption_unit": null, "consumption_quantity": null}], "temperature_zone": null, "is_self_scale_item": false, "is_weight_item": false, "is_available_in_all_stores": true, "is_batch_item": false}
{"id": 50808, "name": "BLANDING 66", "underline": "400 GR. / PETER LARSEN", "age_limit": null, "hazard_precaution_statements": [], "labels": [], "description": "Grå bl. 66  Mellemristet kraftig og fyldig blanding", "info": "", "images": [{"small": "https://rema-product-images.digital.rema1000.dk/50808/1-small-NpP7GANPOl.webp", "medium": "https://rema-product-images.digital.rema1000.dk/50808/1-medium-NpP7GANPOl.webp", "large": "https://rema-product-images.digital.rema1000.dk/50808/1-large-NpP7GANPOl.webp"}], "prices": [{"price": 69, "price_over_max_quantity": null, "max_quantity": null, "is_advertised": false, "is_campaign": false, "starting_at": "2025-06-05T00:00:00+00:00", "ending_at": "2099-12-31T00:00:00+00:00", "deposit": null, "compare_unit": "kg", "compare_unit_price": 172.5, "consumption_unit": null, "consumption_quantity": null}], "temperature_zone": null, "is_self_scale_item": false, "is_weight_item": false, "is_available_in_all_stores": false, "is_batch_item": false}
{"id": 50810, "name": "BLANDING 72", "underline": "500 GR. / PETER LARSEN", "age_limit": null, "hazard_precaution_statements": [], "labels": [], "description": null, "info": "", "images": [{"small": "https://rema-product-images.digital.rema1000.dk/50810/1-small-Al90GEwq8w.webp", "medium": "https://rema-product-images.digital.rema1000.dk/50810/1-medium-Al90GEwq8w.webp", "large": "https://rema-product-images.digital.rema1000.dk/50810/1-large-Al90GEwq8w.webp"}], "prices": [{"price": 79, "price_over_max_quantity": null, "max_quantity": null, "is_advertised": false, "is_campaign": false, "starting_at": "2025-06-05T00:00:00+00:00", "ending_at": "2025-08-23T00:00:00+00:00", "deposit": null, "compare_unit": "kg", "compare_unit_price": 158, "consumption_unit": null, "consumption_quantity": null}], "temperature_zone": null, "is_self_scale_item": false, "is_weight_item": false, "is_available_in_all_stores": true, "is_batch_item": false}
{"id": 50816, "name": "PREMIUM INSTANT", "underline": "100 GR. / PETER LARSEN", "age_limit": null, "hazard_precaution_statements": [], "labels": [{"id": 5, "name": "Økologi", "image": "https://static-assets.digital.rema1000.dk/product/labels/5-64.webp"}, {"id": 41, "name": "Fairtrade", "image": "https://static-assets.digital.rema1000.dk/product/labels/41-64.webp"}], "description": null, "info": "", "images": [{"small": "https://rema-product-images.digital.rema1000.dk/50816/1-small-6xqAGebPDr.webp", "medium": "https://rema-product-images.digital.rema1000.dk/50816/1-medium-6xqAGebPDr.webp", "large": "https://rema-product-images.digital.rema1000.dk/50816/1-large-6xqAGebPDr.webp"}], "prices": [{"price": 69, "price_over_max_quantity": null, "max_quantity": null, "is_advertised": false, "is_campaign": false, "starting_at": "2025-06-05T00:00:00+00:00", "ending_at": "2099-12-31T00:00:00+00:00", "deposit": null, "compare_unit": "kg", "compare_unit_price": 690, "consumption_unit": null, "consumption_quantity": null}], "temperature_zone": null, "is_self_scale_item": false, "is_weight_item": false, "is_available_in_all_stores": false, "is_batch_item": false}
{"id": 50846, "name": "HELE KAFFEBØNNER", "underline": "400 GR. / PETER LARSEN", "age_limit": null, "hazard_precaution_statements": [], "labels": [{"id": 5, "name": "Økologi", "image": "https://static-assets.digital.rema1000.dk/product/labels/5-64.webp"}, {"id": 41, "name": "Fairtrade", "image": "https://static-assets.digital.rema1000.dk/product/labels/41-64.webp"}], "description": null, "info": "", "images": [{"small": "https://rema-product-images.digital.rema1000.dk/50846/1-small-kAon0x09x8.webp", "medium": "https://rema-product-images.digital.rema1000.dk/50846/1-medium-kAon0x09x8.webp", "large": "https://rema-product-images.digital.rema1000.dk/50846/1-large-kAon0x09x8.webp"}], "prices": [{"price": 85, "price_over_max_quantity": null, "max_quantity": null, "is_advertised": false, "is_campaign": false, "starting_at": "2025-06-05T00:00:00+00:00", "ending_at": "2025-08-23T00:00:00+00:00", "deposit": null, "compare_unit": "kg", "compare_unit_price": 212.5, "consumption_unit": null, "consumption_quantity": null}], "temperature_zone": null, "is_self_scale_item": false, "is_weight_item": false, "is_available_in_all_stores": false, "is_batch_item": false}
{"id": 50860, "name": "BLANDING 95", "underline": "400 GR. / PETER LARSEN", "age_limit": null, "hazard_precaution_statements": [], "labels": [{"id": 5, "name": "Økologi", "image": "https://static-assets.digital.rema1000.dk/product/labels/5-64.webp"}, {"id": 41, "name": "Fairtrade", "image": "https://static-assets.digital.rema1000.dk/product/labels/41-64.webp"}], "description": null, "info": "", "images": [{"small": "https://rema-product-images.digital.rema1000.dk/50860/1-small-6xqAGabPDr.webp", "medium": "https://rema-product-images.digital.rema1000.dk/50860/1-medium-6xqAGabPDr.webp", "large": "https://rema-product-images.digital.rema1000.dk/50860/1-large-6xqAGabPDr.webp"}], "prices": [{"price": 85, "price_over_max_quantity": null, "max_quantity": null, "is_advertised": false, "is_campaign": false, "starting_at": "2025-06-05T00:00:00+00:00", "ending_at": "2025-08-23T00:00:00+00:00", "deposit": null, "compare_unit": "kg", "compare_unit_price": 212.5, "consumption_unit": null, "consumption_quantity": null}], "temperature_zone": null, "is_self_scale_item": false, "is_weight_item": false, "is_available_in_all_stores": true, "is_batch_item": false}
{"id": 510066, "name": "VODKA 37,5%", "underline": "70 CL. / KALINKA", "age_limit": 18, "hazard_precaution_statements": [], "labels": [], "description": null, "info": "", "images": [{"small": "https://rema-product-images.digital.rema1000.dk/510066/1-small-pyozJxyMoX.webp", "medium": "https://rema-product-images.digital.rema1000.dk/510066/1-medium-pyozJxyMoX.webp", "large": "https://rema-product-images.digital.rema1000.dk/510066/1-large-pyozJxyMoX.webp"}], "prices": [{"price": 66.95, "price_over_max_quantity": null, "max_quantity": null, "is_advertised": false, "is_campaign": false, "starting_at": "2024-10-31T00:00:00+00:00", "ending_at": "2099-12-31T00:00:00+00:00", "deposit": null, "compare_unit": "ltr", "compare_unit_price": 95.64, "consumption_unit": null, "consumption_quantity": null}], "temperature_zone": null, "is_self_scale_item": false, "is_weight_item": false, "is_available_in_all_stores": true, "is_batch_item": false}
{"id": 510083, "name": "BITTER DRAM 38%", "underline": "70 CL. / GAMMEL DANSK", "age_limit": 18, "hazard_precaution_statements": [], "labels": [], "description": null, "info": "", "images": [{"small": "https://rema-product-images.digital.rema1000.dk/510083/1-small-zOPlQBORoR.webp", "medium": "https://rema-product-images.digital.rema1000.dk/510083/1-medium-zOPlQBORoR.webp", "large": "https://rema-product-images.digital.rema1000.dk/510083/1-large-zOPlQBORoR.webp"}], "prices": [{"price": 137.95, "price_over_max_quantity": null, "max_quantity": null, "is_advertised": false, "is_campaign": false, "starting_at": "2025-02-06T00:00:00+00:00", "ending_at": "2099-12-31T00:00:00+00:00", "deposit": null, "compare_unit": "ltr", "compare_unit_price": 197.07, "consumption_unit": null, "consumption_quantity": null}], "temperature_zone": null, "is_self_scale_item": false, "is_weight_item": false, "is_available_in_all_stores": true, "is_batch_item": false}
{"id": 510085, "name": "TAFFEL AKVAVIT 45%", "underline": "70 CL. / AALBORG", "age_limit": 18, "hazard_precaution_statements": [], "labels": [], "description": null, "info": "", "images": [{"small": "https://rema-product-images.digital.rema1000.dk/510085/1-small-we9EmKDR9g.webp", "medium": "https://rema-product-images.digital.rema1000.dk/510085/1-medium-we9EmKDR9g.webp", "large": "https://rema-product-images.digital.rema1000.dk/510085/1-large-we9EmKDR9g.webp"}], "prices": [{"price": 126.95, "price_over_max_quantity": null, "max_quantity": null, "is_advertised": false, "is_campaign": false, "starting_at": "2025-02-06T00:00:00+00:00", "ending_at": "2099-12-31T00:00:00+00:00", "deposit": null, "compare_unit": "ltr", "compare_unit_price": 181.36, "consumption_unit": null, "consumption_quantity": null}], "temperature_zone": null, "is_self_scale_item": false, "is_weight_item": false, "is_available_in_all_stores": true, "is_batch_item": false}
{"id": 510087, "name": "HØKER SNAPS 32%", "underline": "70 CL. / AALBORG", "age_limit": 18, "hazard_precaution_statements": [], "labels": [], "description": null, "info": "", "images": [{"small": "https://rema-product-images.digital.rema1000.dk/510087/1-small-dyom6MNBqV.webp", "medium": "https://rema-product-images.digital.rema1000.dk/510087/1-medium-dyom6MNBqV.webp", "large": "https://rema-product-images.digital.rema1000.dk/510087/1-large-dyom6MNBqV.webp"}], "prices": [{"price": 81.95, "price_over_max_quantity": null, "max_quantity": null, "is_advertised": false, "is_campaign": false, "starting_at": "2025-02-06T00:00:00+00:00", "ending_at": "2099-12-31T00:00:00+00:00", "deposit": null, "compare_unit": "ltr", "compare_unit_price": 117.07, "consumption_unit": null, "consumption_quantity": null}], "temperature_zone": null, "is_self_scale_item": false, "is_weight_item": false, "is_available_in_all_stores": true, "is_batch_item": false}
{"id": 510094, "name": "LONDON GIN 37,5%", "underline": "70 CL. / HARRISON", "age_limit": 18, "hazard_precaution_statements": [], "labels": [], "description": null, "info": "", "images": [{"small": "https://rema-product-images.digital.rema1000.dk/510094/1-small-vVorgbeQq3.webp", "medium": "https://rema-product-images.digital.rema1000.dk/510094/1-medium-vVorgbeQq3.webp", "large": "https://rema-product-images.digital.rema1000.dk/510094/1-large-vVorgbeQq3.webp"}], "prices": [{"price": 69.95, "price_over_max_quantity": null, "max_quantity": null, "is_advertised": false, "is_campaign": false, "starting_at": "2023-11-30T00:00:00+00:00", "ending_at": "2099-12-31T00:00:00+00:00", "deposit": null, "compare_unit": "ltr", "compare_unit_price": 99.93, "consumption_unit": null, "consumption_quantity": null}], "temperature_zone": null, "is_self_scale_item": false, "is_weight_item": false, "is_available_in_all_stores": true, "is_batch_item": false}
{"id": 510159, "name": "JÄGERMEISTER 35%", "underline": "50 CL.", "age_limit": 18, "hazard_precaution_statements": [], "labels": [], "description": null, "info": "", "images": [{"small": "https://rema-product-images.digital.rema1000.dk/510159/1-small-KpqRvke1qL.webp", "medium": "https://rema-product-images.digital.rema1000.dk/510159/1-medium-KpqRvke1qL.webp", "large": "https://rema-product-images.digital.rema1000.dk/510159/1-large-KpqRvke1qL.webp"}], "prices": [{"price": 109.95, "price_over_max_quantity": null, "max_quantity": null, "is_advertised": false, "is_campaign": false, "starting_at": "2023-01-05T00:00:00+00:00", "ending_at": "2099-12-31T00:00:00+00:00", "deposit": null, "compare_unit": "ltr", "compare_unit_price": 219.9, "consumption_unit": null, "consumption_quantity": null}], "temperature_zone": null, "is_self_scale_item": false, "is_weight_item": false, "is_available_in_all_stores": true, "is_batch_item": false}
{"id": 510182, "name": "LINIE AQUAVIT 41,5%", "underline": "70 CL. / LYSHOLM", "age_limit": 18, "hazard_precaution_statements": [], "labels": [], "description": null, "info": "", "images": [{"small": "https://rema-product-images.digital.rema1000.dk/510182/1-small-MBoNvO1pov.webp", "medium": "https://rema-product-images.digital.rema1000.dk/510182/1-medium-MBoNvO1pov.webp", "large": "https://rema-product-images.digital.rema1000.dk/510182/1-large-MBoNvO1pov.webp"}], "prices": [{"price": 173.95, "price_over_max_quantity": null, "max_quantity": null, "is_advertised": false, "is_campaign": false, "starting_at": "2025-02-06T00:00:00+00:00", "ending_at": "2099-12-31T00:00:00+00:00", "deposit": null, "compare_unit": "ltr", "compare_unit_price": 248.5, "consumption_unit": null, "consumption_quantity": null}], "temperature_zone": null, "is_self_scale_item": false, "is_weight_item": false, "is_available_in_all_stores": false, "is_batch_item": false}
{"id": 510205, "name": "BRØNDUMS SNAPS 40%", "underline": "70 CL. / A. BRØNDUM & SØN", "age_limit": 18, "hazard_precaution_statements": [], "labels": [], "description": null, "info": "", "images": [{"small": "https://rema-product-images.digital.rema1000.dk/510205/1-small-xQq8a3yM9Z.webp", "medium": "https://rema-product-images.digital.rema1000.dk/510205/1-medium-xQq8a3yM9Z.webp", "large": "https://rema-product-images.digital.rema1000.dk/510205/1-large-xQq8a3yM9Z.webp"}], "prices": [{"price": 115, "price_over_max_quantity": null, "max_quantity": null, "is_advertised": false, "is_campaign": false, "starting_at": "2025-02-06T00:00:00+00:00", "ending_at": "2099-12-31T00:00:00+00:00", "deposit": null, "compare_unit": "ltr", "compare_unit_price": 164.29, "consumption_unit": null, "consumption_quantity": null}], "temperature_zone": null, "is_self_scale_item": false, "is_weight_item": false, "is_available_in_all_stores": false, "is_batch_item": false}
{"id": 510315, "name": "1. KLASSES BITTER 35%", "underline": "70 CL. / 1 ENKELT", "age_limit": 18, "hazard_precaution_statements": [], "labels": [], "description": null, "info": "", "images": [{"small": "https://rema-product-images.digital.rema1000.dk/510315/1-small-KpqRvk7XqL.webp", "medium": "https://rema-product-images.digital.rema1000.dk/510315/1-medium-KpqRvk7XqL.webp", "large": "https://rema-product-images.digital.rema1000.dk/510315/1-large-KpqRvk7XqL.webp"}], "prices": [{"price": 129.95, "price_over_max_quantity": null, "max_quantity": null, "is_advertised": false, "is_campaign": false, "starting_at": "2025-02-06T00:00:00+00:00", "ending_at": "2099-12-31T00:00:00+00:00", "deposit": null, "compare_unit": "ltr", "compare_unit_price": 185.64, "consumption_unit": null, "consumption_quantity": null}], "temperature_zone": null, "is_self_scale_item": false, "is_weight_item": false, "is_available_in_all_stores": true, "is_batch_item": false}
{"id": 510360, "name": "UNDERBERG 44%", "underline": "6 CL. / 3-PAK", "age_limit": 18, "hazard_precaution_statements": [], "labels": [], "description": null, "info": "", "images": [{"small": "https://rema-product-images.digital.rema1000.dk/510360/1-small-6xqAOBK8PD.webp", "medium": "https://rema-product-images.digital.rema1000.dk/510360/1-medium-6xqAOBK8PD.webp", "large": "https://rema-product-images.digital.rema1000.dk/510360/1-large-6xqAOBK8PD.webp"}], "prices": [{"price": 44.95, "price_over_max_quantity": null, "max_quantity": null, "is_advertised": false, "is_campaign": false, "starting_at": "2025-07-03T00:00:00+00:00", "ending_at": "2099-12-31T00:00:00+00:00", "deposit": null, "compare_unit": "ltr", "compare_unit_price": 749.17, "consumption_unit": null, "consumption_quantity": null}], "temperature_zone": null, "is_self_scale_item": false, "is_weight_item": false, "is_available_in_all_stores": true, "is_batch_item": false}
{"id": 510378, "name": "BITTER 38%", "underline": "70 CL. / JENSEN", "age_limit": 18, "hazard_precaution_statements": [], "labels": [], "description": null, "info": "", "images": [{"small": "https://rema-product-images.digital.rema1000.dk/510378/1-small-yLqGBbRKod.webp", "medium": "https://rema-product-images.digital.rema1000.dk/510378/1-medium-yLqGBbRKod.webp", "large": "https://rema-product-images.digital.rema1000.dk/510378/1-large-yLqGBbRKod.webp"}], "prices": [{"price": 94.95, "price_over_max_quantity": null, "max_quantity": null, "is_advertised": false, "is_campaign": false, "starting_at": "2023-01-05T00:00:00+00:00", "ending_at": "2099-12-31T00:00:00+00:00", "deposit": null, "compare_unit": "ltr", "compare_unit_price": 135.64, "consumption_unit": null, "consumption_quantity": null}], "temperature_zone": null, "is_self_scale_item": false, "is_weight_item": false, "is_available_in_all_stores": true, "is_batch_item": false}
{"id": 510435, "name": "ORANGE 4%", "underline": "27.5 CL. / BREEZER", "age_limit": 16, "hazard_precaution_statements": [], "labels": [], "description": null, "info": "", "images": [{"small": "https://rema-product-images.digital.rema1000.dk/510435/1-small-Gb9kJyYvq7.webp", "medium": "https://rema-product-images.digital.rema1000.dk/510435/1-medium-Gb9kJyYvq7.webp", "large": "https://rema-product-images.digital.rema1000.dk/510435/1-large-Gb9kJyYvq7.webp"}], "prices": [{"price": 14.95, "price_over_max_quantity": null, "max_quantity": null, "is_advertised": false, "is_campaign": false, "starting_at": "2020-11-12T00:00:00+00:00", "ending_at": "2099-12-31T00:00:00+00:00", "deposit": 1, "compare_unit": "ltr", "compare_unit_price": 54.36, "consumption_unit": null, "consumption_quantity": null}], "temperature_zone": null, "is_self_scale_item": false, "is_weight_item": false, "is_available_in_all_stores": true, "is_batch_item": false}
{"id": 510440, "name": "PINEAPPLE 4%", "underline": "27.5 CL. / BREEZER", "age_limit": 16, "hazard_precaution_statements": [], "labels": [], "description": null, "info": "", "images": [{"small": "https://rema-product-images.digital.rema1000.dk/510440/1-small-rQqQVj2x9e.webp", "medium": "https://rema-product-images.digital.rema1000.dk/510440/1-medium-rQqQVj2x9e.webp", "large": "https://rema-product-images.digital.rema1000.dk/510440/1-large-rQqQVj2x9e.webp"}], "prices": [{"price": 14.95, "price_over_max_quantity": null, "max_quantity": null, "is_advertised": false, "is_campaign": false, "starting_at": "2020-11-12T00:00:00+00:00", "ending_at": "2099-12-31T00:00:00+00:00", "deposit": 1, "compare_unit": "ltr", "compare_unit_price": 54.36, "consumption_unit": null, "consumption_quantity": null}], "temperature_zone": null, "is_self_scale_item": false, "is_weight_item": false, "is_available_in_all_stores": true, "is_batch_item": false}
{"id": 510450, "name": "OLD NO. 7 WHISKEY 40%", "underline": "50 CL. / JACK DANIELS", "age_limit": 18, "hazard_precaution_statements": [], "labels": [], "description": null, "info": "", "images": [{"small": "https://rema-product-images.digital.rema1000.dk/510450/1-small-vVorgbX8q3.webp", "medium": "https://rema-product-images.digital.rema1000.dk/510450/1-medium-vVorgbX8q3.webp", "large": "https://rema-product-images.digital.rema1000.dk/510450/1-large-vVorgbX8q3.webp"}], "prices": [{"price": 149, "price_over_max_quantity": null, "max_quantity": null, "is_advertised": false, "is_campaign": false, "starting_at": "2022-07-01T00:00:00+00:00", "ending_at": "2099-12-31T00:00:00+00:00", "deposit": null, "compare_unit": "ltr", "compare_unit_price": 298, "consumption_unit": null, "consumption_quantity": null}], "temperature_zone": null, "is_self_scale_item": false, "is_weight_item": false, "is_available_in_all_stores": true, "is_batch_item": false}
{"id": 510458, "name": "MOJITO 4,4%", "underline": "25 CL. / READY TO DRINK", "age_limit": 16, "hazard_precaution_statements": [], "labels": [], "description": null, "info": "", "images": [{"small": "https://rema-product-images.digital.rema1000.dk/510458/1-small-3MovQYA8PA.webp", "medium": "https://rema-product-images.digital.rema1000.dk/510458/1-medium-3MovQYA8PA.webp", "large": "https://rema-product-images.digital.rema1000.dk/510458/1-large-3MovQYA8PA.webp"}], "prices": [{"price": 10, "price_over_max_quantity": null, "max_quantity": null, "is_advertised": false, "is_campaign": false, "starting_at": "2022-07-02T00:00:00+00:00", "ending_at": "2099-12-31T00:00:00+00:00", "deposit": 1, "compare_unit": "ltr", "compare_unit_price": 40, "consumption_unit": null, "consumption_quantity": null}], "temperature_zone": null, "is_self_scale_item": false, "is_weight_item": false, "is_available_in_all_stores": true, "is_batch_item": false}
{"id": 510459, "name": "STRAWBERRY DAIQUIRI 5%", "underline": "25 CL. / READY TO DRINK", "age_limit": 16, "hazard_precaution_statements": [], "labels": [], "description": null, "info": "", "images": [{"small": "https://rema-product-images.digital.rema1000.dk/510459/1-small-KpqRvkKNqL.webp", "medium": "https://rema-product-images.digital.rema1000.dk/510459/1-medium-KpqRvkKNqL.webp", "large": "https://rema-product-images.digital.rema1000.dk/510459/1-large-KpqRvkKNqL.webp"}], "prices": [{"price": 10, "price_over_max_quantity": null, "max_quantity": null, "is_advertised": false, "is_campaign": false, "starting_at": "2022-07-02T00:00:00+00:00", "ending_at": "2099-12-31T00:00:00+00:00", "deposit": 1, "compare_unit": "ltr", "compare_unit_price": 40, "consumption_unit": null, "consumption_quantity": null}], "temperature_zone": null, "is_self_scale_item": false, "is_weight_item": false, "is_available_in_all_stores": true, "is_batch_item": false}
{"id": 510461, "name": "VODKA & ENERGIDRIK 5%", "underline": "25 CL. / READY TO DRINK", "age_limit": 16, "hazard_precaution_statements": [], "labels": [], "description": null, "info": "", "images": [{"small": "https://rema-product-images.digital.rema1000.dk/510461/1-small-Z8qpAK0G93.webp", "medium": "https://rema-product-images.digital.rema1000.dk/510461/1-medium-Z8qpAK0G93.webp", "large": "https://rema-product-images.digital.rema1000.dk/510461/1-large-Z8qpAK0G93.webp"}], "prices": [{"price": 10, "price_over_max_quantity": null, "max_quantity": null, "is_advertised": false, "is_campaign": false, "starting_at": "2022-07-02T00:00:00+00:00", "ending_at": "2099-12-31T00:00:00+00:00", "deposit": 1, "compare_unit": "ltr", "compare_unit_price": 40, "consumption_unit": null, "consumption_quantity": null}], "temperature_zone": null, "is_self_scale_item": false, "is_weight_item": false, "is_available_in_all_stores": true, "is_batch_item": false}
{"id": 510501, "name": "CARTA BLANCA ROM 37,5%", "underline": "70 CL. / BACARDI", "age_limit": 18, "hazard_precaution_statements": [], "labels": [], "description": null, "info": "", "images": [{"small": "https://rema-product-images.digital.rema1000.dk/510501/1-small-ElPBYMmn9k.webp", "medium": "https://rema-product-images.digital.rema1000.dk/510501/1-medium-ElPBYMmn9k.webp", "large": "https://rema-product-images.digital.rema1000.dk/510501/1-large-ElPBYMmn9k.webp"}], "prices": [{"price": 129.95, "price_over_max_quantity": null, "max_quantity": null, "is_advertised": false, "is_campaign": false, "starting_at": "2025-03-27T00:00:00+00:00", "ending_at": "2099-12-31T00:00:00+00:00", "deposit": null, "compare_unit": "ltr", "compare_unit_price": 185.64, "consumption_unit": null, "consumption_quantity": null}], "temperature_zone": null, "is_self_scale_item": false, "is_weight_item": false, "is_available_in_all_stores": true, "is_batch_item": false}
{"id": 510505, "name": "CAPTAIN MORGAN 35%", "underline": "70 CL. / SPICED", "age_limit": 18, "hazard_precaution_statements": [], "labels": [], "description": null, "info": "", "images": [{"small": "https://rema-product-images.digital.rema1000.dk/510505/1-small-xQq8a3Z29Z.webp", "medium": "https://rema-product-images.digital.rema1000.dk/510505/1-medium-xQq8a3Z29Z.webp", "large": "https://rema-product-images.digital.rema1000.dk/510505/1-large-xQq8a3Z29Z.webp"}], "prices": [{"price": 99, "price_over_max_quantity": null, "max_quantity": null, "is_advertised": false, "is_campaign": true, "starting_at": "2025-08-07T00:00:00+00:00", "ending_at": "2025-09-03T00:00:00+00:00", "deposit": null, "compare_unit": "ltr", "compare_unit_price": 141.43, "consumption_unit": null, "consumption_quantity": null}], "temperature_zone": null, "is_self_scale_item": false, "is_weight_item": false, "is_available_in_all_stores": true, "is_batch_item": false}
{"id": 510566, "name": "ICE ORIGINAL 4%", "underline": "27.5 CL. / SMIRNOFF", "age_limit": 16, "hazard_precaution_statements": [], "labels": [], "description": null, "info": "", "images": [{"small": "https://rema-product-images.digital.rema1000.dk/510566/1-small-pyozJxjLoX.webp", "medium": "https://rema-product-images.digital.rema1000.dk/510566/1-medium-pyozJxjLoX.webp", "large": "https://rema-product-images.digital.rema1000.dk/510566/1-large-pyozJxjLoX.webp"}], "prices": [{"price": 14.95, "price_over_max_quantity": null, "max_quantity": null, "is_advertised": false, "is_campaign": false, "starting_at": "2024-01-25T00:00:00+00:00", "ending_at": "2099-12-31T00:00:00+00:00", "deposit": 1, "compare_unit": "ltr", "compare_unit_price": 54.36, "consumption_unit": null, "consumption_quantity": null}], "temperature_zone": null, "is_self_scale_item": false, "is_weight_item": false, "is_available_in_all_stores": true, "is_batch_item": false}
{"id": 510601, "name": "SMIRNOFF 37,5%", "underline": "70 CL. / VODKA, RØD", "age_limit": 18, "hazard_precaution_statements": [], "labels": [], "description": null, "info": "", "images": [{"small": "https://rema-product-images.digital.rema1000.dk/510601/1-small-ElPBYMNb9k.webp", "medium": "https://rema-product-images.digital.rema1000.dk/510601/1-medium-ElPBYMNb9k.webp", "large": "https://rema-product-images.digital.rema1000.dk/510601/1-large-ElPBYMNb9k.webp"}], "prices": [{"price": 99, "price_over_max_quantity": null, "max_quantity": null, "is_advertised": false, "is_campaign": true, "starting_at": "2025-08-07T00:00:00+00:00", "ending_at": "2025-09-03T00:00:00+00:00", "deposit": null, "compare_unit": "ltr", "compare_unit_price": 141.43, "consumption_unit": null, "consumption_quantity": null}], "temperature_zone": null, "is_self_scale_item": false, "is_weight_item": false, "is_available_in_all_stores": true, "is_batch_item": false}
{"id": 510710, "name": "LONDON DRY GIN 37,5%", "underline": "70 CL. / GORDON'S", "age_limit": 18, "hazard_precaution_statements": [], "labels": [], "description": null, "info": "", "images": [{"small": "https://rema-product-images.digital.rema1000.dk/510710/1-small-Al90M013P8.webp", "medium": "https://rema-product-images.digital.rema1000.dk/510710/1-medium-Al90M013P8.webp", "large": "https://rema-product-images.digital.rema1000.dk/510710/1-large-Al90M013P8.webp"}], "prices": [{"price": 99, "price_over_max_quantity": null, "max_quantity": null, "is_advertised": false, "is_campaign": true, "starting_at": "2025-08-07T00:00:00+00:00", "ending_at": "2025-09-03T00:00:00+00:00", "deposit": null, "compare_unit": "ltr", "compare_unit_price": 141.43, "consumption_unit": null, "consumption_quantity": null}], "temperature_zone": null, "is_self_scale_item": false, "is_weight_item": false, "is_available_in_all_stores": false, "is_batch_item": false}
{"id": 510715, "name": "LONDON DRY GIN 43,1%", "underline": "70 CL. / TANQUERAY", "age_limit": 18, "hazard_precaution_statements": [], "labels": [], "description": null, "info": "", "images": [{"small": "https://rema-product-images.digital.rema1000.dk/510715/1-small-KpqRvkd0qL.webp", "medium": "https://rema-product-images.digital.rema1000.dk/510715/1-medium-KpqRvkd0qL.webp", "large": "https://rema-product-images.digital.rema1000.dk/510715/1-large-KpqRvkd0qL.webp"}], "prices": [{"price": 169, "price_over_max_quantity": null, "max_quantity": null, "is_advertised": false, "is_campaign": false, "starting_at": "2023-01-05T00:00:00+00:00", "ending_at": "2099-12-31T00:00:00+00:00", "deposit": null, "compare_unit": "ltr", "compare_unit_price": 241.43, "consumption_unit": null, "consumption_quantity": null}], "temperature_zone": null, "is_self_scale_item": false, "is_weight_item": false, "is_available_in_all_stores": true, "is_batch_item": false}
{"id": 510738, "name": "SMÅ BATS 16,4%", "underline": "70 CL.", "age_limit": 18, "hazard_precaution_statements": [], "labels": [], "description": null, "info": "", "images": [{"small": "https://rema-product-images.digital.rema1000.dk/510738/1-small-MBoNvOeRov.webp", "medium": "https://rema-product-images.digital.rema1000.dk/510738/1-medium-MBoNvOeRov.webp", "large": "https://rema-product-images.digital.rema1000.dk/510738/1-large-MBoNvOeRov.webp"}], "prices": [{"price": 79, "price_over_max_quantity": null, "max_quantity": null, "is_advertised": false, "is_campaign": false, "starting_at": "2024-07-08T00:00:00+00:00", "ending_at": "2099-12-31T00:00:00+00:00", "deposit": null, "compare_unit": "ltr", "compare_unit_price": 112.86, "consumption_unit": null, "consumption_quantity": null}], "temperature_zone": null, "is_self_scale_item": false, "is_weight_item": false, "is_available_in_all_stores": true, "is_batch_item": false}
{"id": 510741, "name": "SMÅ SURE 16,4%", "underline": "70 CL. / SOUR RASPBERRY", "age_limit": 18, "hazard_precaution_statements": [], "labels": [], "description": null, "info": "", "images": [{"small": "https://rema-product-images.digital.rema1000.dk/510741/1-small-we9EmKVJ9g.webp", "medium": "https://rema-product-images.digital.rema1000.dk/510741/1-medium-we9EmKVJ9g.webp", "large": "https://rema-product-images.digital.rema1000.dk/510741/1-large-we9EmKVJ9g.webp"}], "prices": [{"price": 79, "price_over_max_quantity": null, "max_quantity": null, "is_advertised": false, "is_campaign": false, "starting_at": "2024-07-08T00:00:00+00:00", "ending_at": "2099-12-31T00:00:00+00:00", "deposit": null, "compare_unit": "ltr", "compare_unit_price": 112.86, "consumption_unit": null, "consumption_quantity": null}], "temperature_zone": null, "is_self_scale_item": false, "is_weight_item": false, "is_available_in_all_stores": true, "is_batch_item": false}
{"id": 510742, "name": "LUCKY SHOT 30%", "underline": "8 CL. / 4-PAK", "age_limit": 18, "hazard_precaution_statements": [], "labels": [], "description": null, "info": "", "images": [{"small": "https://rema-product-images.digital.rema1000.dk/510742/1-small-A4Py2OaLoL.webp", "medium": "https://rema-product-images.digital.rema1000.dk/510742/1-medium-A4Py2OaLoL.webp", "large": "https://rema-product-images.digital.rema1000.dk/510742/1-large-A4Py2OaLoL.webp"}], "prices": [{"price": 19.95, "price_over_max_quantity": null, "max_quantity": null, "is_advertised": false, "is_campaign": false, "starting_at": "2024-08-28T00:00:00+00:00", "ending_at": "2099-12-31T00:00:00+00:00", "deposit": null, "compare_unit": "ltr", "compare_unit_price": 249.38, "consumption_unit": null, "consumption_quantity": null}], "temperature_zone": null, "is_self_scale_item": false, "is_weight_item": false, "is_available_in_all_stores": true, "is_batch_item": false}
{"id": 510820, "name": "WHISKY 40%", "underline": "70 CL. / HIGHLAND QUEEN", "age_limit": 18, "hazard_precaution_statements": [], "labels": [], "description": null, "info": "", "images": [{"small": "https://rema-product-images.digital.rema1000.dk/510820/1-small-AKqeED0nqp.webp", "medium": "https://rema-product-images.digital.rema1000.dk/510820/1-medium-AKqeED0nqp.webp", "large": "https://rema-product-images.digital.rema1000.dk/510820/1-large-AKqeED0nqp.webp"}], "prices": [{"price": 109, "price_over_max_quantity": null, "max_quantity": null, "is_advertised": false, "is_campaign": false, "starting_at": "2023-01-05T00:00:00+00:00", "ending_at": "2099-12-31T00:00:00+00:00", "deposit": null, "compare_unit": "ltr", "compare_unit_price": 155.71, "consumption_unit": null, "consumption_quantity": null}], "temperature_zone": null, "is_self_scale_item": false, "is_weight_item": false, "is_available_in_all_stores": true, "is_batch_item": false}
{"id": 510855, "name": "LAUDER'S WHISKY 40%", "underline": "70 CL. / QUEEN MARY", "age_limit": 18, "hazard_precaution_statements": [], "labels": [], "description": null, "info": "", "images": [{"small": "https://rema-product-images.digital.rema1000.dk/510855/1-small-A5qVdwnLPa.webp", "medium": "https://rema-product-images.digital.rema1000.dk/510855/1-medium-A5qVdwnLPa.webp", "large": "https://rema-product-images.digital.rema1000.dk/510855/1-large-A5qVdwnLPa.webp"}], "prices": [{"price": 119.95, "price_over_max_quantity": null, "max_quantity": null, "is_advertised": false, "is_campaign": false, "starting_at": "2023-01-05T00:00:00+00:00", "ending_at": "2099-12-31T00:00:00+00:00", "deposit": null, "compare_unit": "ltr", "compare_unit_price": 171.36, "consumption_unit": null, "consumption_quantity": null}], "temperature_zone": null, "is_self_scale_item": false, "is_weight_item": false, "is_available_in_all_stores": true, "is_batch_item": false}
{"id": 510911, "name": "SMÅ FUGLE 16,4%", "underline": "70 CL.", "age_limit": 18, "hazard_precaution_statements": [], "labels": [], "description": null, "info": "", "images": [{"small": "https://rema-product-images.digital.rema1000.dk/510911/1-small-A5qVdwpMPa.webp", "medium": "https://rema-product-images.digital.rema1000.dk/510911/1-medium-A5qVdwpMPa.webp", "large": "https://rema-product-images.digital.rema1000.dk/510911/1-large-A5qVdwpMPa.webp"}], "prices": [{"price": 79, "price_over_max_quantity": null, "max_quantity": null, "is_advertised": false, "is_campaign": false, "starting_at": "2024-07-08T00:00:00+00:00", "ending_at": "2099-12-31T00:00:00+00:00", "deposit": null, "compare_unit": "ltr", "compare_unit_price": 112.86, "consumption_unit": null, "consumption_quantity": null}], "temperature_zone": null, "is_self_scale_item": false, "is_weight_item": false, "is_available_in_all_stores": true, "is_batch_item": false}
{"id": 510970, "name": "THE ORIGINAL IRISH CREAM 17%", "underline": "70 CL. / BAILEY'S", "age_limit": 18, "hazard_precaution_statements": [], "labels": [], "description": null, "info": "", "images": [{"small": "https://rema-product-images.digital.rema1000.dk/510970/1-small-kOq3XAlN96.webp", "medium": "https://rema-product-images.digital.rema1000.dk/510970/1-medium-kOq3XAlN96.webp", "large": "https://rema-product-images.digital.rema1000.dk/510970/1-large-kOq3XAlN96.webp"}], "prices": [{"price": 99, "price_over_max_quantity": null, "max_quantity": null, "is_advertised": false, "is_campaign": true, "starting_at": "2025-08-07T00:00:00+00:00", "ending_at": "2025-09-03T00:00:00+00:00", "deposit": null, "compare_unit": "ltr", "compare_unit_price": 141.43, "consumption_unit": null, "consumption_quantity": null}], "temperature_zone": null, "is_self_scale_item": false, "is_weight_item": false, "is_available_in_all_stores": true, "is_batch_item": false}
{"id": 520051, "name": "CIGARET HYLSTRE", "underline": "200 STK. / SCROLL RED ORIGINAL", "age_limit": null, "hazard_precaution_statements": [], "labels": [], "description": null, "info": "", "images": [{"small": "https://rema-product-images.digital.rema1000.dk/520051/1-small-v09ggleE9A.webp", "medium": "https://rema-product-images.digital.rema1000.dk/520051/1-medium-v09ggleE9A.webp", "large": "https://rema-product-images.digital.rema1000.dk/520051/1-large-v09ggleE9A.webp"}], "prices": [{"price": 33.95, "price_over_max_quantity": null, "max_quantity": null, "is_advertised": false, "is_campaign": false, "starting_at": "2025-02-06T00:00:00+00:00", "ending_at": "2099-12-31T00:00:00+00:00", "deposit": null, "compare_unit": "stk", "compare_unit_price": 0.17, "consumption_unit": null, "consumption_quantity": null}], "temperature_zone": null, "is_self_scale_item": false, "is_weight_item": false, "is_available_in_all_stores": true, "is_batch_item": false}
{"id": 520196, "name": "RIZLA RØD PLANO", "underline": "100 STK. / CIGARETPAPIR", "age_limit": null, "hazard_precaution_statements": [], "labels": [], "description": null, "info": "", "images": [{"small": "https://rema-product-images.digital.rema1000.dk/520196/1-small-NpP760zl9O.webp", "medium": "https://rema-product-images.digital.rema1000.dk/520196/1-medium-NpP760zl9O.webp", "large": "https://rema-product-images.digital.rema1000.dk/520196/1-large-NpP760zl9O.webp"}], "prices": [{"price": 18.5, "price_over_max_quantity": null, "max_quantity": null, "is_advertised": false, "is_campaign": false, "starting_at": "2025-02-01T00:00:00+00:00", "ending_at": "2099-12-31T00:00:00+00:00", "deposit": null, "compare_unit": "stk", "compare_unit_price": 0.19, "consumption_unit": null, "consumption_quantity": null}], "temperature_zone": null, "is_self_scale_item": false, "is_weight_item": false, "is_available_in_all_stores": true, "is_batch_item": false}
{"id": 521186, "name": "CECIL ORIGINAL", "underline": "20 STK. / BLØD PAKKE", "age_limit": 18, "hazard_precaution_statements": [], "labels": [], "description": null, "info": "", "images": [{"small": "https://rema-product-images.digital.rema1000.dk/521186/1-small-A4PyA2ZAPL.webp", "medium": "https://rema-product-images.digital.rema1000.dk/521186/1-medium-A4PyA2ZAPL.webp", "large": "https://rema-product-images.digital.rema1000.dk/521186/1-large-A4PyA2ZAPL.webp"}], "prices": [{"price": 74, "price_over_max_quantity": null, "max_quantity": null, "is_advertised": false, "is_campaign": false, "starting_at": "2024-04-01T00:00:00+00:00", "ending_at": "2099-12-31T00:00:00+00:00", "deposit": null, "compare_unit": "stk", "compare_unit_price": 3.7, "consumption_unit": null, "consumption_quantity": null}], "temperature_zone": null, "is_self_scale_item": false, "is_weight_item": false, "is_available_in_all_stores": true, "is_batch_item": false}
{"id": 521260, "name": "PRINCE RØD", "underline": "20 STK. / BLØD PAKKE", "age_limit": 18, "hazard_precaution_statements": [], "labels": [], "description": null, "info": "", "images": [{"small": "https://rema-product-images.digital.rema1000.dk/521260/1-small-6xqAdOeYoD.webp", "medium": "https://rema-product-images.digital.rema1000.dk/521260/1-medium-6xqAdOeYoD.webp", "large": "https://rema-product-images.digital.rema1000.dk/521260/1-large-6xqAdOeYoD.webp"}], "prices": [{"price": 66, "price_over_max_quantity": null, "max_quantity": null, "is_advertised": false, "is_campaign": false, "starting_at": "2024-11-28T00:00:00+00:00", "ending_at": "2099-12-31T00:00:00+00:00", "deposit": null, "compare_unit": "stk", "compare_unit_price": 3.3, "consumption_unit": null, "consumption_quantity": null}], "temperature_zone": null, "is_self_scale_item": false, "is_weight_item": false, "is_available_in_all_stores": true, "is_batch_item": false}
{"id": 521262, "name": "PRINCE RØD 100S", "underline": "20 STK. / HARDBOX", "age_limit": 18, "hazard_precaution_statements": [], "labels": [], "description": null, "info": "", "images": [{"small": "https://rema-product-images.digital.rema1000.dk/521262/1-small-2B94MpvrPk.webp", "medium": "https://rema-product-images.digital.rema1000.dk/521262/1-medium-2B94MpvrPk.webp", "large": "https://rema-product-images.digital.rema1000.dk/521262/1-large-2B94MpvrPk.webp"}], "prices": [{"price": 71, "price_over_max_quantity": null, "max_quantity": null, "is_advertised": false, "is_campaign": false, "starting_at": "2024-11-28T00:00:00+00:00", "ending_at": "2099-12-31T00:00:00+00:00", "deposit": null, "compare_unit": "stk", "compare_unit_price": 3.55, "consumption_unit": null, "consumption_quantity": null}], "temperature_zone": null, "is_self_scale_item": false, "is_weight_item": false, "is_available_in_all_stores": true, "is_batch_item": false}
{"id": 521263, "name": "PRINCE ORIGINAL", "underline": "20 STK. / BLØD PAKKE SC", "age_limit": 18, "hazard_precaution_statements": [], "labels": [], "description": null, "info": "", "images": [{"small": "https://rema-product-images.digital.rema1000.dk/521263/1-small-rDq68WXdPb.webp", "medium": "https://rema-product-images.digital.rema1000.dk/521263/1-medium-rDq68WXdPb.webp", "large": "https://rema-product-images.digital.rema1000.dk/521263/1-large-rDq68WXdPb.webp"}], "prices": [{"price": 66, "price_over_max_quantity": null, "max_quantity": null, "is_advertised": false, "is_campaign": false, "starting_at": "2024-11-28T00:00:00+00:00", "ending_at": "2099-12-31T00:00:00+00:00", "deposit": null, "compare_unit": "stk", "compare_unit_price": 3.3, "consumption_unit": null, "consumption_quantity": null}], "temperature_zone": null, "is_self_scale_item": false, "is_weight_item": false, "is_available_in_all_stores": true, "is_batch_item": false}
{"id": 521265, "name": "PRINCE ORIGINAL 100S", "underline": "20 STK. / HARDBOX", "age_limit": 18, "hazard_precaution_statements": [], "labels": [], "description": null, "info": "", "images": [{"small": "https://rema-product-images.digital.rema1000.dk/521265/1-small-bJ9Ydp4vqL.webp", "medium": "https://rema-product-images.digital.rema1000.dk/521265/1-medium-bJ9Ydp4vqL.webp", "large": "https://rema-product-images.digital.rema1000.dk/521265/1-large-bJ9Ydp4vqL.webp"}], "prices": [{"price": 71, "price_over_max_quantity": null, "max_quantity": null, "is_advertised": false, "is_campaign": false, "starting_at": "2024-11-28T00:00:00+00:00", "ending_at": "2099-12-31T00:00:00+00:00", "deposit": null, "compare_unit": "stk", "compare_unit_price": 3.55, "consumption_unit": null, "consumption_quantity": null}], "temperature_zone": null, "is_self_scale_item": false, "is_weight_item": false, "is_available_in_all_stores": true, "is_batch_item": false}
{"id": 521271, "name": "PRINCE GRÅ 100S", "underline": "20 STK. / HARDBOX", "age_limit": 18, "hazard_precaution_statements": [], "labels": [], "description": null, "info": "", "images": [{"small": "https://rema-product-images.digital.rema1000.dk/521271/1-small-OW9OwglR9g.webp", "medium": "https://rema-product-images.digital.rema1000.dk/521271/1-medium-OW9OwglR9g.webp", "large": "https://rema-product-images.digital.rema1000.dk/521271/1-large-OW9OwglR9g.webp"}], "prices": [{"price": 68, "price_over_max_quantity": null, "max_quantity": null, "is_advertised": false, "is_campaign": false, "starting_at": "2024-11-28T00:00:00+00:00", "ending_at": "2099-12-31T00:00:00+00:00", "deposit": null, "compare_unit": "stk", "compare_unit_price": 3.4, "consumption_unit": null, "consumption_quantity": null}], "temperature_zone": null, "is_self_scale_item": false, "is_weight_item": false, "is_available_in_all_stores": true, "is_batch_item": false}
{"id": 521274, "name": "KING'S ORIGINAL", "underline": "20 STK.", "age_limit": 18, "hazard_precaution_statements": [], "labels": [], "description": null, "info": "", "images": [{"small": "https://rema-product-images.digital.rema1000.dk/521274/1-small-869DBKaBoM.webp", "medium": "https://rema-product-images.digital.rema1000.dk/521274/1-medium-869DBKaBoM.webp", "large": "https://rema-product-images.digital.rema1000.dk/521274/1-large-869DBKaBoM.webp"}], "prices": [{"price": 74, "price_over_max_quantity": null, "max_quantity": null, "is_advertised": false, "is_campaign": false, "starting_at": "2024-11-28T00:00:00+00:00", "ending_at": "2099-12-31T00:00:00+00:00", "deposit": null, "compare_unit": "stk", "compare_unit_price": 3.7, "consumption_unit": null, "consumption_quantity": null}], "temperature_zone": null, "is_self_scale_item": false, "is_weight_item": false, "is_available_in_all_stores": true, "is_batch_item": false}
{"id": 521275, "name": "KING'S GUL SC", "underline": "20 STK. / BLØD PAKKE", "age_limit": 18, "hazard_precaution_statements": [], "labels": [], "description": null, "info": "", "images": [{"small": "https://rema-product-images.digital.rema1000.dk/521275/1-small-01q2B7dbq7.webp", "medium": "https://rema-product-images.digital.rema1000.dk/521275/1-medium-01q2B7dbq7.webp", "large": "https://rema-product-images.digital.rema1000.dk/521275/1-large-01q2B7dbq7.webp"}], "prices": [{"price": 63, "price_over_max_quantity": null, "max_quantity": null, "is_advertised": false, "is_campaign": false, "starting_at": "2024-11-28T00:00:00+00:00", "ending_at": "2099-12-31T00:00:00+00:00", "deposit": null, "compare_unit": "stk", "compare_unit_price": 3.15, "consumption_unit": null, "consumption_quantity": null}], "temperature_zone": null, "is_self_scale_item": false, "is_weight_item": false, "is_available_in_all_stores": true, "is_batch_item": false}
{"id": 521276, "name": "KING'S GUL FILTER", "underline": "20 STK. / HARDBOX", "age_limit": 18, "hazard_precaution_statements": [], "labels": [], "description": null, "info": "", "images": [{"small": "https://rema-product-images.digital.rema1000.dk/521276/1-small-nDPWArRGqW.webp", "medium": "https://rema-product-images.digital.rema1000.dk/521276/1-medium-nDPWArRGqW.webp", "large": "https://rema-product-images.digital.rema1000.dk/521276/1-large-nDPWArRGqW.webp"}], "prices": [{"price": 64, "price_over_max_quantity": null, "max_quantity": null, "is_advertised": false, "is_campaign": false, "starting_at": "2024-11-28T00:00:00+00:00", "ending_at": "2099-12-31T00:00:00+00:00", "deposit": null, "compare_unit": "stk", "compare_unit_price": 3.2, "consumption_unit": null, "consumption_quantity": null}], "temperature_zone": null, "is_self_scale_item": false, "is_weight_item": false, "is_available_in_all_stores": true, "is_batch_item": false}
{"id": 521277, "name": "KING'S BLÅ SC", "underline": "20 STK. / BLØD PAKKE", "age_limit": 18, "hazard_precaution_statements": [], "labels": [], "description": null, "info": "", "images": [{"small": "https://rema-product-images.digital.rema1000.dk/521277/1-small-YLPjmAxY9k.webp", "medium": "https://rema-product-images.digital.rema1000.dk/521277/1-medium-YLPjmAxY9k.webp", "large": "https://rema-product-images.digital.rema1000.dk/521277/1-large-YLPjmAxY9k.webp"}], "prices": [{"price": 63, "price_over_max_quantity": null, "max_quantity": null, "is_advertised": false, "is_campaign": false, "starting_at": "2024-11-28T00:00:00+00:00", "ending_at": "2099-12-31T00:00:00+00:00", "deposit": null, "compare_unit": "stk", "compare_unit_price": 3.15, "consumption_unit": null, "consumption_quantity": null}], "temperature_zone": null, "is_self_scale_item": false, "is_weight_item": false, "is_available_in_all_stores": true, "is_batch_item": false}
{"id": 521278, "name": "KING'S BLÅ", "underline": "20 STK. / HARDBOX", "age_limit": 18, "hazard_precaution_statements": [], "labels": [], "description": null, "info": "", "images": [{"small": "https://rema-product-images.digital.rema1000.dk/521278/1-small-yLqG5BldPd.webp", "medium": "https://rema-product-images.digital.rema1000.dk/521278/1-medium-yLqG5BldPd.webp", "large": "https://rema-product-images.digital.rema1000.dk/521278/1-large-yLqG5BldPd.webp"}], "prices": [{"price": 64, "price_over_max_quantity": null, "max_quantity": null, "is_advertised": false, "is_campaign": false, "starting_at": "2024-11-28T00:00:00+00:00", "ending_at": "2099-12-31T00:00:00+00:00", "deposit": null, "compare_unit": "stk", "compare_unit_price": 3.2, "consumption_unit": null, "consumption_quantity": null}], "temperature_zone": null, "is_self_scale_item": false, "is_weight_item": false, "is_available_in_all_stores": true, "is_batch_item": false}
{"id": 521282, "name": "KING'S LILLA", "underline": "20 STK.", "age_limit": 18, "hazard_precaution_statements": [], "labels": [], "description": null, "info": "", "images": [{"small": "https://rema-product-images.digital.rema1000.dk/521282/1-small-MBoN0vlg9v.webp", "medium": "https://rema-product-images.digital.rema1000.dk/521282/1-medium-MBoN0vlg9v.webp", "large": "https://rema-product-images.digital.rema1000.dk/521282/1-large-MBoN0vlg9v.webp"}], "prices": [{"price": 60, "price_over_max_quantity": null, "max_quantity": null, "is_advertised": false, "is_campaign": false, "starting_at": "2024-11-28T00:00:00+00:00", "ending_at": "2099-12-31T00:00:00+00:00", "deposit": null, "compare_unit": "stk", "compare_unit_price": 3, "consumption_unit": null, "consumption_quantity": null}], "temperature_zone": null, "is_self_scale_item": false, "is_weight_item": false, "is_available_in_all_stores": true, "is_batch_item": false}
{"id": 521284, "name": "KING'S ULTRAMARINE", "underline": "20 STK.", "age_limit": 18, "hazard_precaution_statements": [], "labels": [], "description": null, "info": "", "images": [{"small": "https://rema-product-images.digital.rema1000.dk/521284/1-small-rQqQnVRY9e.webp", "medium": "https://rema-product-images.digital.rema1000.dk/521284/1-medium-rQqQnVRY9e.webp", "large": "https://rema-product-images.digital.rema1000.dk/521284/1-large-rQqQnVRY9e.webp"}], "prices": [{"price": 60, "price_over_max_quantity": null, "max_quantity": null, "is_advertised": false, "is_campaign": false, "starting_at": "2024-11-28T00:00:00+00:00", "ending_at": "2099-12-31T00:00:00+00:00", "deposit": null, "compare_unit": "stk", "compare_unit_price": 3, "consumption_unit": null, "consumption_quantity": null}], "temperature_zone": null, "is_self_scale_item": false, "is_weight_item": false, "is_available_in_all_stores": true, "is_batch_item": false}
{"id": 521285, "name": "PALL MALL RØD", "underline": "20 STK. / HARDBOX", "age_limit": 18, "hazard_precaution_statements": [], "labels": [], "description": null, "info": "", "images": [{"small": "https://rema-product-images.digital.rema1000.dk/521285/1-small-we9Enml7Pg.webp", "medium": "https://rema-product-images.digital.rema1000.dk/521285/1-medium-we9Enml7Pg.webp", "large": "https://rema-product-images.digital.rema1000.dk/521285/1-large-we9Enml7Pg.webp"}], "prices": [{"price": 61, "price_over_max_quantity": null, "max_quantity": null, "is_advertised": false, "is_campaign": false, "starting_at": "2024-11-28T00:00:00+00:00", "ending_at": "2099-12-31T00:00:00+00:00", "deposit": null, "compare_unit": "stk", "compare_unit_price": 3.05, "consumption_unit": null, "consumption_quantity": null}], "temperature_zone": null, "is_self_scale_item": false, "is_weight_item": false, "is_available_in_all_stores": true, "is_batch_item": false}
{"id": 521286, "name": "PALL MALL BLUE", "underline": "20 STK. / HARDBOX", "age_limit": 18, "hazard_precaution_statements": [], "labels": [], "description": null, "info": "", "images": [{"small": "https://rema-product-images.digital.rema1000.dk/521286/1-small-A4PyA2XnPL.webp", "medium": "https://rema-product-images.digital.rema1000.dk/521286/1-medium-A4PyA2XnPL.webp", "large": "https://rema-product-images.digital.rema1000.dk/521286/1-large-A4PyA2XnPL.webp"}], "prices": [{"price": 61, "price_over_max_quantity": null, "max_quantity": null, "is_advertised": false, "is_campaign": false, "starting_at": "2024-11-28T00:00:00+00:00", "ending_at": "2099-12-31T00:00:00+00:00", "deposit": null, "compare_unit": "stk", "compare_unit_price": 3.05, "consumption_unit": null, "consumption_quantity": null}], "temperature_zone": null, "is_self_scale_item": false, "is_weight_item": false, "is_available_in_all_stores": true, "is_batch_item": false}
{"id": 521287, "name": "PALL MALL RØD 100S", "underline": "20 STK. / HARDBOX", "age_limit": 18, "hazard_precaution_statements": [], "labels": [], "description": null, "info": "", "images": [{"small": "https://rema-product-images.digital.rema1000.dk/521287/1-small-dyomw6LD9V.webp", "medium": "https://rema-product-images.digital.rema1000.dk/521287/1-medium-dyomw6LD9V.webp", "large": "https://rema-product-images.digital.rema1000.dk/521287/1-large-dyomw6LD9V.webp"}], "prices": [{"price": 61, "price_over_max_quantity": null, "max_quantity": null, "is_advertised": false, "is_campaign": false, "starting_at": "2024-11-28T00:00:00+00:00", "ending_at": "2099-12-31T00:00:00+00:00", "deposit": null, "compare_unit": "stk", "compare_unit_price": 3.05, "consumption_unit": null, "consumption_quantity": null}], "temperature_zone": null, "is_self_scale_item": false, "is_weight_item": false, "is_available_in_all_stores": true, "is_batch_item": false}
{"id": 521288, "name": "PALL MALL BLUE 100S", "underline": "20 STK. / HARDBOX", "age_limit": 18, "hazard_precaution_statements": [], "labels": [], "description": null, "info": "", "images": [{"small": "https://rema-product-images.digital.rema1000.dk/521288/1-small-xePwY0X1qw.webp", "medium": "https://rema-product-images.digital.rema1000.dk/521288/1-medium-xePwY0X1qw.webp", "large": "https://rema-product-images.digital.rema1000.dk/521288/1-large-xePwY0X1qw.webp"}], "prices": [{"price": 61, "price_over_max_quantity": null, "max_quantity": null, "is_advertised": false, "is_campaign": false, "starting_at": "2024-11-28T00:00:00+00:00", "ending_at": "2099-12-31T00:00:00+00:00", "deposit": null, "compare_unit": "stk", "compare_unit_price": 3.05, "consumption_unit": null, "consumption_quantity": null}], "temperature_zone": null, "is_self_scale_item": false, "is_weight_item": false, "is_available_in_all_stores": true, "is_batch_item": false}
{"id": 521290, "name": "PALL MALL GREY", "underline": "20 STK. / HARDBOX", "age_limit": 18, "hazard_precaution_statements": [], "labels": [], "description": null, "info": "", "images": [{"small": "https://rema-product-images.digital.rema1000.dk/521290/1-small-kAonBNx5ox.webp", "medium": "https://rema-product-images.digital.rema1000.dk/521290/1-medium-kAonBNx5ox.webp", "large": "https://rema-product-images.digital.rema1000.dk/521290/1-large-kAonBNx5ox.webp"}], "prices": [{"price": 60, "price_over_max_quantity": null, "max_quantity": null, "is_advertised": false, "is_campaign": false, "starting_at": "2024-11-28T00:00:00+00:00", "ending_at": "2099-12-31T00:00:00+00:00", "deposit": null, "compare_unit": "stk", "compare_unit_price": 3, "consumption_unit": null, "consumption_quantity": null}], "temperature_zone": null, "is_self_scale_item": false, "is_weight_item": false, "is_available_in_all_stores": true, "is_batch_item": false}
{"id": 521294, "name": "LA RØD HARDBOX", "underline": "20 STK. / FRA HOUSE OF PRINCE", "age_limit": 18, "hazard_precaution_statements": [], "labels": [], "description": null, "info": "", "images": [{"small": "https://rema-product-images.digital.rema1000.dk/521294/1-small-vVor8gxv93.webp", "medium": "https://rema-product-images.digital.rema1000.dk/521294/1-medium-vVor8gxv93.webp", "large": "https://rema-product-images.digital.rema1000.dk/521294/1-large-vVor8gxv93.webp"}], "prices": [{"price": 67, "price_over_max_quantity": null, "max_quantity": null, "is_advertised": false, "is_campaign": false, "starting_at": "2024-11-28T00:00:00+00:00", "ending_at": "2099-12-31T00:00:00+00:00", "deposit": null, "compare_unit": "stk", "compare_unit_price": 3.35, "consumption_unit": null, "consumption_quantity": null}], "temperature_zone": null, "is_self_scale_item": false, "is_weight_item": false, "is_available_in_all_stores": true, "is_batch_item": false}
{"id": 521295, "name": "LA BLÅ HARDBOX", "underline": "20 STK. / FRA HOUSE OF PRINCE", "age_limit": 18, "hazard_precaution_statements": [], "labels": [], "description": null, "info": "", "images": [{"small": "https://rema-product-images.digital.rema1000.dk/521295/1-small-v09gg3xe9A.webp", "medium": "https://rema-product-images.digital.rema1000.dk/521295/1-medium-v09gg3xe9A.webp", "large": "https://rema-product-images.digital.rema1000.dk/521295/1-large-v09gg3xe9A.webp"}], "prices": [{"price": 67, "price_over_max_quantity": null, "max_quantity": null, "is_advertised": false, "is_campaign": false, "starting_at": "2024-11-28T00:00:00+00:00", "ending_at": "2099-12-31T00:00:00+00:00", "deposit": null, "compare_unit": "stk", "compare_unit_price": 3.35, "consumption_unit": null, "consumption_quantity": null}], "temperature_zone": null, "is_self_scale_item": false, "is_weight_item": false, "is_available_in_all_stores": true, "is_batch_item": false}
{"id": 521297, "name": "LA RØD 100S HARDBOX", "underline": "20 STK. / FRA HOUSE OF PRINCE", "age_limit": 18, "hazard_precaution_statements": [], "labels": [], "description": null, "info": "", "images": [{"small": "https://rema-product-images.digital.rema1000.dk/521297/1-small-aboKQgln9p.webp", "medium": "https://rema-product-images.digital.rema1000.dk/521297/1-medium-aboKQgln9p.webp", "large": "https://rema-product-images.digital.rema1000.dk/521297/1-large-aboKQgln9p.webp"}], "prices": [{"price": 67, "price_over_max_quantity": null, "max_quantity": null, "is_advertised": false, "is_campaign": false, "starting_at": "2024-11-28T00:00:00+00:00", "ending_at": "2099-12-31T00:00:00+00:00", "deposit": null, "compare_unit": "stk", "compare_unit_price": 3.35, "consumption_unit": null, "consumption_quantity": null}], "temperature_zone": null, "is_self_scale_item": false, "is_weight_item": false, "is_available_in_all_stores": true, "is_batch_item": false}
{"id": 521298, "name": "LA GRÅ 100S HARDBOX", "underline": "20 STK. / FRA HOUSE OF PRINCE", "age_limit": 18, "hazard_precaution_statements": [], "labels": [], "description": null, "info": "", "images": [{"small": "https://rema-product-images.digital.rema1000.dk/521298/1-small-Al90DMaR98.webp", "medium": "https://rema-product-images.digital.rema1000.dk/521298/1-medium-Al90DMaR98.webp", "large": "https://rema-product-images.digital.rema1000.dk/521298/1-large-Al90DMaR98.webp"}], "prices": [{"price": 67, "price_over_max_quantity": null, "max_quantity": null, "is_advertised": false, "is_campaign": false, "starting_at": "2024-11-28T00:00:00+00:00", "ending_at": "2099-12-31T00:00:00+00:00", "deposit": null, "compare_unit": "stk", "compare_unit_price": 3.35, "consumption_unit": null, "consumption_quantity": null}], "temperature_zone": null, "is_self_scale_item": false, "is_weight_item": false, "is_available_in_all_stores": true, "is_batch_item": false}
{"id": 521299, "name": "CECIL RØD", "underline": "20 STK.", "age_limit": 18, "hazard_precaution_statements": [], "labels": [], "description": null, "info": "", "images": [{"small": "https://rema-product-images.digital.rema1000.dk/521299/1-small-A5qVvdRkqa.webp", "medium": "https://rema-product-images.digital.rema1000.dk/521299/1-medium-A5qVvdRkqa.webp", "large": "https://rema-product-images.digital.rema1000.dk/521299/1-large-A5qVvdRkqa.webp"}], "prices": [{"price": 76, "price_over_max_quantity": null, "max_quantity": null, "is_advertised": false, "is_campaign": false, "starting_at": "2024-11-28T00:00:00+00:00", "ending_at": "2099-12-31T00:00:00+00:00", "deposit": null, "compare_unit": "stk", "compare_unit_price": 3.8, "consumption_unit": null, "consumption_quantity": null}], "temperature_zone": null, "is_self_scale_item": false, "is_weight_item": false, "is_available_in_all_stores": true, "is_batch_item": false}
{"id": 521300, "name": "VIKING RØD", "underline": "20 STK. / FRA HOUSE OF PRINCE", "age_limit": 18, "hazard_precaution_statements": [], "labels": [], "description": null, "info": "", "images": [{"small": "https://rema-product-images.digital.rema1000.dk/521300/1-small-xePwY0XKqw.webp", "medium": "https://rema-product-images.digital.rema1000.dk/521300/1-medium-xePwY0XKqw.webp", "large": "https://rema-product-images.digital.rema1000.dk/521300/1-large-xePwY0XKqw.webp"}], "prices": [{"price": 59, "price_over_max_quantity": null, "max_quantity": null, "is_advertised": false, "is_campaign": false, "starting_at": "2024-11-28T00:00:00+00:00", "ending_at": "2099-12-31T00:00:00+00:00", "deposit": null, "compare_unit": "stk", "compare_unit_price": 2.95, "consumption_unit": null, "consumption_quantity": null}], "temperature_zone": null, "is_self_scale_item": false, "is_weight_item": false, "is_available_in_all_stores": true, "is_batch_item": false}
{"id": 521301, "name": "VIKING RØD 100S", "underline": "20 STK. / FRA HOUSE OF PRINCE", "age_limit": 18, "hazard_precaution_statements": [], "labels": [], "description": null, "info": "", "images": [{"small": "https://rema-product-images.digital.rema1000.dk/521301/1-small-ElPBgYaJok.webp", "medium": "https://rema-product-images.digital.rema1000.dk/521301/1-medium-ElPBgYaJok.webp", "large": "https://rema-product-images.digital.rema1000.dk/521301/1-large-ElPBgYaJok.webp"}], "prices": [{"price": 59, "price_over_max_quantity": null, "max_quantity": null, "is_advertised": false, "is_campaign": false, "starting_at": "2024-11-28T00:00:00+00:00", "ending_at": "2099-12-31T00:00:00+00:00", "deposit": null, "compare_unit": "stk", "compare_unit_price": 2.95, "consumption_unit": null, "consumption_quantity": null}], "temperature_zone": null, "is_self_scale_item": false, "is_weight_item": false, "is_available_in_all_stores": true, "is_batch_item": false}
{"id": 521302, "name": "VIKING BLÅ HARDBOX", "underline": "20 STK. / FRA HOUSE OF PRINCE", "age_limit": 18, "hazard_precaution_statements": [], "labels": [], "description": null, "info": "", "images": [{"small": "https://rema-product-images.digital.rema1000.dk/521302/1-small-kAonBNxaox.webp", "medium": "https://rema-product-images.digital.rema1000.dk/521302/1-medium-kAonBNxaox.webp", "large": "https://rema-product-images.digital.rema1000.dk/521302/1-large-kAonBNxaox.webp"}], "prices": [{"price": 59, "price_over_max_quantity": null, "max_quantity": null, "is_advertised": false, "is_campaign": false, "starting_at": "2024-11-28T00:00:00+00:00", "ending_at": "2099-12-31T00:00:00+00:00", "deposit": null, "compare_unit": "stk", "compare_unit_price": 2.95, "consumption_unit": null, "consumption_quantity": null}], "temperature_zone": null, "is_self_scale_item": false, "is_weight_item": false, "is_available_in_all_stores": true, "is_batch_item": false}
{"id": 521303, "name": "VIKING BLÅ 100S", "underline": "20 STK. / FRA HOUSE OF PRINCE", "age_limit": 18, "hazard_precaution_statements": [], "labels": [], "description": null, "info": "", "images": [{"small": "https://rema-product-images.digital.rema1000.dk/521303/1-small-3MoM0gl6P5.webp", "medium": "https://rema-product-images.digital.rema1000.dk/521303/1-medium-3MoM0gl6P5.webp", "large": "https://rema-product-images.digital.rema1000.dk/521303/1-large-3MoM0gl6P5.webp"}], "prices": [{"price": 59, "price_over_max_quantity": null, "max_quantity": null, "is_advertised": false, "is_campaign": false, "starting_at": "2024-11-28T00:00:00+00:00", "ending_at": "2099-12-31T00:00:00+00:00", "deposit": null, "compare_unit": "stk", "compare_unit_price": 2.95, "consumption_unit": null, "consumption_quantity": null}], "temperature_zone": null, "is_self_scale_item": false, "is_weight_item": false, "is_available_in_all_stores": true, "is_batch_item": false}
{"id": 521304, "name": "LA BLÅ 100S HARDBOX", "underline": "20 STK. / FRA HOUSE OF PRINCE", "age_limit": 18, "hazard_precaution_statements": [], "labels": [], "description": null, "info": "", "images": [{"small": "https://rema-product-images.digital.rema1000.dk/521304/1-small-OJq5574Kqp.webp", "medium": "https://rema-product-images.digital.rema1000.dk/521304/1-medium-OJq5574Kqp.webp", "large": "https://rema-product-images.digital.rema1000.dk/521304/1-large-OJq5574Kqp.webp"}], "prices": [{"price": 67, "price_over_max_quantity": null, "max_quantity": null, "is_advertised": false, "is_campaign": false, "starting_at": "2024-11-28T00:00:00+00:00", "ending_at": "2099-12-31T00:00:00+00:00", "deposit": null, "compare_unit": "stk", "compare_unit_price": 3.35, "consumption_unit": null, "consumption_quantity": null}], "temperature_zone": null, "is_self_scale_item": false, "is_weight_item": false, "is_available_in_all_stores": true, "is_batch_item": false}
{"id": 521307, "name": "WINSTON BLUE 100", "underline": "20 STK. / HARDBOX", "age_limit": 18, "hazard_precaution_statements": [], "labels": [], "description": null, "info": "", "images": [{"small": "https://rema-product-images.digital.rema1000.dk/521307/1-small-v09gg3xm9A.webp", "medium": "https://rema-product-images.digital.rema1000.dk/521307/1-medium-v09gg3xm9A.webp", "large": "https://rema-product-images.digital.rema1000.dk/521307/1-large-v09gg3xm9A.webp"}], "prices": [{"price": 58, "price_over_max_quantity": null, "max_quantity": null, "is_advertised": false, "is_campaign": false, "starting_at": "2024-11-27T00:00:00+00:00", "ending_at": "2099-12-31T00:00:00+00:00", "deposit": null, "compare_unit": "stk", "compare_unit_price": 2.9, "consumption_unit": null, "consumption_quantity": null}], "temperature_zone": null, "is_self_scale_item": false, "is_weight_item": false, "is_available_in_all_stores": true, "is_batch_item": false}
{"id": 521308, "name": "WINSTON RED", "underline": "20 STK. / CLASSIC, HARDBOX", "age_limit": 18, "hazard_precaution_statements": [], "labels": [], "description": null, "info": "", "images": [{"small": "https://rema-product-images.digital.rema1000.dk/521308/1-small-NpP76r4M9O.webp", "medium": "https://rema-product-images.digital.rema1000.dk/521308/1-medium-NpP76r4M9O.webp", "large": "https://rema-product-images.digital.rema1000.dk/521308/1-large-NpP76r4M9O.webp"}], "prices": [{"price": 58, "price_over_max_quantity": null, "max_quantity": null, "is_advertised": false, "is_campaign": false, "starting_at": "2024-11-27T00:00:00+00:00", "ending_at": "2099-12-31T00:00:00+00:00", "deposit": null, "compare_unit": "stk", "compare_unit_price": 2.9, "consumption_unit": null, "consumption_quantity": null}], "temperature_zone": null, "is_self_scale_item": false, "is_weight_item": false, "is_available_in_all_stores": true, "is_batch_item": false}
{"id": 521309, "name": "WINSTON RED 100", "underline": "20 STK. / CLASSIC, HARDBOX", "age_limit": 18, "hazard_precaution_statements": [], "labels": [], "description": null, "info": "", "images": [{"small": "https://rema-product-images.digital.rema1000.dk/521309/1-small-aboKQglw9p.webp", "medium": "https://rema-product-images.digital.rema1000.dk/521309/1-medium-aboKQglw9p.webp", "large": "https://rema-product-images.digital.rema1000.dk/521309/1-large-aboKQglw9p.webp"}], "prices": [{"price": 58, "price_over_max_quantity": null, "max_quantity": null, "is_advertised": false, "is_campaign": false, "starting_at": "2024-11-27T00:00:00+00:00", "ending_at": "2099-12-31T00:00:00+00:00", "deposit": null, "compare_unit": "stk", "compare_unit_price": 2.9, "consumption_unit": null, "consumption_quantity": null}], "temperature_zone": null, "is_self_scale_item": false, "is_weight_item": false, "is_available_in_all_stores": true, "is_batch_item": false}
{"id": 521311, "name": "WINSTON M-LINE 100", "underline": "20 STK.", "age_limit": 18, "hazard_precaution_statements": [], "labels": [], "description": null, "info": "", "images": [{"small": "https://rema-product-images.digital.rema1000.dk/521311/1-small-A5qVvdRwqa.webp", "medium": "https://rema-product-images.digital.rema1000.dk/521311/1-medium-A5qVvdRwqa.webp", "large": "https://rema-product-images.digital.rema1000.dk/521311/1-large-A5qVvdRwqa.webp"}], "prices": [{"price": 58, "price_over_max_quantity": null, "max_quantity": null, "is_advertised": false, "is_campaign": false, "starting_at": "2024-11-27T00:00:00+00:00", "ending_at": "2099-12-31T00:00:00+00:00", "deposit": null, "compare_unit": "stk", "compare_unit_price": 2.9, "consumption_unit": null, "consumption_quantity": null}], "temperature_zone": null, "is_self_scale_item": false, "is_weight_item": false, "is_available_in_all_stores": true, "is_batch_item": false}
{"id": 521313, "name": "CAMEL YELLOW", "underline": "20 STK. / HARDBOX", "age_limit": 18, "hazard_precaution_statements": [], "labels": [], "description": null, "info": "", "images": [{"small": "https://rema-product-images.digital.rema1000.dk/521313/1-small-wyPbyLGj9E.webp", "medium": "https://rema-product-images.digital.rema1000.dk/521313/1-medium-wyPbyLGj9E.webp", "large": "https://rema-product-images.digital.rema1000.dk/521313/1-large-wyPbyLGj9E.webp"}], "prices": [{"price": 64, "price_over_max_quantity": null, "max_quantity": null, "is_advertised": false, "is_campaign": false, "starting_at": "2024-11-27T00:00:00+00:00", "ending_at": "2099-12-31T00:00:00+00:00", "deposit": null, "compare_unit": "stk", "compare_unit_price": 3.2, "consumption_unit": null, "consumption_quantity": null}], "temperature_zone": null, "is_self_scale_item": false, "is_weight_item": false, "is_available_in_all_stores": true, "is_batch_item": false}
{"id": 521315, "name": "CAMEL BLUE", "underline": "20 STK. / HARDBOX", "age_limit": 18, "hazard_precaution_statements": [], "labels": [], "description": null, "info": "", "images": [{"small": "https://rema-product-images.digital.rema1000.dk/521315/1-small-KpqRMvlXoL.webp", "medium": "https://rema-product-images.digital.rema1000.dk/521315/1-medium-KpqRMvlXoL.webp", "large": "https://rema-product-images.digital.rema1000.dk/521315/1-large-KpqRMvlXoL.webp"}], "prices": [{"price": 64, "price_over_max_quantity": null, "max_quantity": null, "is_advertised": false, "is_campaign": false, "starting_at": "2024-11-27T00:00:00+00:00", "ending_at": "2099-12-31T00:00:00+00:00", "deposit": null, "compare_unit": "stk", "compare_unit_price": 3.2, "consumption_unit": null, "consumption_quantity": null}], "temperature_zone": null, "is_self_scale_item": false, "is_weight_item": false, "is_available_in_all_stores": true, "is_batch_item": false}
{"id": 521317, "name": "CAMEL SHIFT", "underline": "20 STK. / HARDBOX", "age_limit": 18, "hazard_precaution_statements": [], "labels": [], "description": null, "info": "", "images": [{"small": "https://rema-product-images.digital.rema1000.dk/521317/1-small-Z8qpMAEA93.webp", "medium": "https://rema-product-images.digital.rema1000.dk/521317/1-medium-Z8qpMAEA93.webp", "large": "https://rema-product-images.digital.rema1000.dk/521317/1-large-Z8qpMAEA93.webp"}], "prices": [{"price": 64, "price_over_max_quantity": null, "max_quantity": null, "is_advertised": false, "is_campaign": false, "starting_at": "2024-11-27T00:00:00+00:00", "ending_at": "2099-12-31T00:00:00+00:00", "deposit": null, "compare_unit": "stk", "compare_unit_price": 3.2, "consumption_unit": null, "consumption_quantity": null}], "temperature_zone": null, "is_self_scale_item": false, "is_weight_item": false, "is_available_in_all_stores": true, "is_batch_item": false}
{"id": 521320, "name": "MARLBORO RED", "underline": "20 STK. / KS FT, HARDBOX", "age_limit": 18, "hazard_precaution_statements": [], "labels": [], "description": null, "info": "", "images": [{"small": "https://rema-product-images.digital.rema1000.dk/521320/1-small-AKqeyEeMqp.webp", "medium": "https://rema-product-images.digital.rema1000.dk/521320/1-medium-AKqeyEeMqp.webp", "large": "https://rema-product-images.digital.rema1000.dk/521320/1-large-AKqeyEeMqp.webp"}], "prices": [{"price": 64, "price_over_max_quantity": null, "max_quantity": null, "is_advertised": false, "is_campaign": false, "starting_at": "2024-12-10T00:00:00+00:00", "ending_at": "2099-12-31T00:00:00+00:00", "deposit": null, "compare_unit": "stk", "compare_unit_price": 3.2, "consumption_unit": null, "consumption_quantity": null}], "temperature_zone": null, "is_self_scale_item": false, "is_weight_item": false, "is_available_in_all_stores": true, "is_batch_item": false}
{"id": 521323, "name": "MARLBORO ONE", "underline": "20 STK. / HARD BOX", "age_limit": 18, "hazard_precaution_statements": [], "labels": [], "description": null, "info": "", "images": [{"small": "https://rema-product-images.digital.rema1000.dk/521323/1-small-MNqZvG6dqA.webp", "medium": "https://rema-product-images.digital.rema1000.dk/521323/1-medium-MNqZvG6dqA.webp", "large": "https://rema-product-images.digital.rema1000.dk/521323/1-large-MNqZvG6dqA.webp"}], "prices": [{"price": 64, "price_over_max_quantity": null, "max_quantity": null, "is_advertised": false, "is_campaign": false, "starting_at": "2024-12-10T00:00:00+00:00", "ending_at": "2099-12-31T00:00:00+00:00", "deposit": null, "compare_unit": "stk", "compare_unit_price": 3.2, "consumption_unit": null, "consumption_quantity": null}], "temperature_zone": null, "is_self_scale_item": false, "is_weight_item": false, "is_available_in_all_stores": true, "is_batch_item": false}
{"id": 521326, "name": "SKJOLD RØD 100", "underline": "20 STK. / HARDBOX", "age_limit": 18, "hazard_precaution_statements": [], "labels": [], "description": null, "info": "", "images": [{"small": "https://rema-product-images.digital.rema1000.dk/521326/1-small-kOq3nXmko6.webp", "medium": "https://rema-product-images.digital.rema1000.dk/521326/1-medium-kOq3nXmko6.webp", "large": "https://rema-product-images.digital.rema1000.dk/521326/1-large-kOq3nXmko6.webp"}], "prices": [{"price": 59, "price_over_max_quantity": null, "max_quantity": null, "is_advertised": false, "is_campaign": false, "starting_at": "2024-12-10T00:00:00+00:00", "ending_at": "2099-12-31T00:00:00+00:00", "deposit": null, "compare_unit": "stk", "compare_unit_price": 2.95, "consumption_unit": null, "consumption_quantity": null}], "temperature_zone": null, "is_self_scale_item": false, "is_weight_item": false, "is_available_in_all_stores": true, "is_batch_item": false}
{"id": 521327, "name": "SKJOLD RØD", "underline": "20 STK. / HARDBOX", "age_limit": 18, "hazard_precaution_statements": [], "labels": [], "description": null, "info": "", "images": [{"small": "https://rema-product-images.digital.rema1000.dk/521327/1-small-OW9Owgb49g.webp", "medium": "https://rema-product-images.digital.rema1000.dk/521327/1-medium-OW9Owgb49g.webp", "large": "https://rema-product-images.digital.rema1000.dk/521327/1-large-OW9Owgb49g.webp"}], "prices": [{"price": 59, "price_over_max_quantity": null, "max_quantity": null, "is_advertised": false, "is_campaign": false, "starting_at": "2024-12-10T00:00:00+00:00", "ending_at": "2099-12-31T00:00:00+00:00", "deposit": null, "compare_unit": "stk", "compare_unit_price": 2.95, "consumption_unit": null, "consumption_quantity": null}], "temperature_zone": null, "is_self_scale_item": false, "is_weight_item": false, "is_available_in_all_stores": true, "is_batch_item": false}
{"id": 521328, "name": "SKJOLD BLÅ 100", "underline": "20 STK. / HARDBOX", "age_limit": 18, "hazard_precaution_statements": [], "labels": [], "description": null, "info": "", "images": [{"small": "https://rema-product-images.digital.rema1000.dk/521328/1-small-xyqayGA2qD.webp", "medium": "https://rema-product-images.digital.rema1000.dk/521328/1-medium-xyqayGA2qD.webp", "large": "https://rema-product-images.digital.rema1000.dk/521328/1-large-xyqayGA2qD.webp"}], "prices": [{"price": 59, "price_over_max_quantity": null, "max_quantity": null, "is_advertised": false, "is_campaign": false, "starting_at": "2024-12-10T00:00:00+00:00", "ending_at": "2099-12-31T00:00:00+00:00", "deposit": null, "compare_unit": "stk", "compare_unit_price": 2.95, "consumption_unit": null, "consumption_quantity": null}], "temperature_zone": null, "is_self_scale_item": false, "is_weight_item": false, "is_available_in_all_stores": true, "is_batch_item": false}
{"id": 521329, "name": "SKJOLD BLÅ", "underline": "20 STK. / HARDBOX", "age_limit": 18, "hazard_precaution_statements": [], "labels": [], "description": null, "info": "", "images": [{"small": "https://rema-product-images.digital.rema1000.dk/521329/1-small-pYqxd2zyq1.webp", "medium": "https://rema-product-images.digital.rema1000.dk/521329/1-medium-pYqxd2zyq1.webp", "large": "https://rema-product-images.digital.rema1000.dk/521329/1-large-pYqxd2zyq1.webp"}], "prices": [{"price": 59, "price_over_max_quantity": null, "max_quantity": null, "is_advertised": false, "is_campaign": false, "starting_at": "2024-12-10T00:00:00+00:00", "ending_at": "2099-12-31T00:00:00+00:00", "deposit": null, "compare_unit": "stk", "compare_unit_price": 2.95, "consumption_unit": null, "consumption_quantity": null}], "temperature_zone": null, "is_self_scale_item": false, "is_weight_item": false, "is_available_in_all_stores": true, "is_batch_item": false}
{"id": 521330, "name": "SKJOLD GRÅ 100", "underline": "20 STK.", "age_limit": 18, "hazard_precaution_statements": [], "labels": [], "description": null, "info": "", "images": [{"small": "https://rema-product-images.digital.rema1000.dk/521330/1-small-869DBK1MoM.webp", "medium": "https://rema-product-images.digital.rema1000.dk/521330/1-medium-869DBK1MoM.webp", "large": "https://rema-product-images.digital.rema1000.dk/521330/1-large-869DBK1MoM.webp"}], "prices": [{"price": 59, "price_over_max_quantity": null, "max_quantity": null, "is_advertised": false, "is_campaign": false, "starting_at": "2024-12-10T00:00:00+00:00", "ending_at": "2099-12-31T00:00:00+00:00", "deposit": null, "compare_unit": "stk", "compare_unit_price": 2.95, "consumption_unit": null, "consumption_quantity": null}], "temperature_zone": null, "is_self_scale_item": false, "is_weight_item": false, "is_available_in_all_stores": true, "is_batch_item": false}
{"id": 521335, "name": "L&M RED 100", "underline": "20 STK. / HARDBOX", "age_limit": 18, "hazard_precaution_statements": [], "labels": [], "description": null, "info": "", "images": [{"small": "https://rema-product-images.digital.rema1000.dk/521335/1-small-Gb9k3J2r97.webp", "medium": "https://rema-product-images.digital.rema1000.dk/521335/1-medium-Gb9k3J2r97.webp", "large": "https://rema-product-images.digital.rema1000.dk/521335/1-large-Gb9k3J2r97.webp"}], "prices": [{"price": 57.5, "price_over_max_quantity": null, "max_quantity": null, "is_advertised": false, "is_campaign": false, "starting_at": "2025-04-01T00:00:00+00:00", "ending_at": "2099-12-31T00:00:00+00:00", "deposit": null, "compare_unit": "stk", "compare_unit_price": 2.88, "consumption_unit": null, "consumption_quantity": null}], "temperature_zone": null, "is_self_scale_item": false, "is_weight_item": false, "is_available_in_all_stores": true, "is_batch_item": false}
{"id": 521336, "name": "L&M RED", "underline": "20 STK. / HARDBOX", "age_limit": 18, "hazard_precaution_statements": [], "labels": [], "description": null, "info": "", "images": [{"small": "https://rema-product-images.digital.rema1000.dk/521336/1-small-7doL0OpEo6.webp", "medium": "https://rema-product-images.digital.rema1000.dk/521336/1-medium-7doL0OpEo6.webp", "large": "https://rema-product-images.digital.rema1000.dk/521336/1-large-7doL0OpEo6.webp"}], "prices": [{"price": 57.5, "price_over_max_quantity": null, "max_quantity": null, "is_advertised": false, "is_campaign": false, "starting_at": "2025-04-01T00:00:00+00:00", "ending_at": "2099-12-31T00:00:00+00:00", "deposit": null, "compare_unit": "stk", "compare_unit_price": 2.88, "consumption_unit": null, "consumption_quantity": null}], "temperature_zone": null, "is_self_scale_item": false, "is_weight_item": false, "is_available_in_all_stores": true, "is_batch_item": false}
{"id": 521337, "name": "L&M BLUE 100", "underline": "20 STK. / HARDBOX", "age_limit": 18, "hazard_precaution_statements": [], "labels": [], "description": null, "info": "", "images": [{"small": "https://rema-product-images.digital.rema1000.dk/521337/1-small-JzPJp5RYqk.webp", "medium": "https://rema-product-images.digital.rema1000.dk/521337/1-medium-JzPJp5RYqk.webp", "large": "https://rema-product-images.digital.rema1000.dk/521337/1-large-JzPJp5RYqk.webp"}], "prices": [{"price": 57.5, "price_over_max_quantity": null, "max_quantity": null, "is_advertised": false, "is_campaign": false, "starting_at": "2025-04-01T00:00:00+00:00", "ending_at": "2099-12-31T00:00:00+00:00", "deposit": null, "compare_unit": "stk", "compare_unit_price": 2.88, "consumption_unit": null, "consumption_quantity": null}], "temperature_zone": null, "is_self_scale_item": false, "is_weight_item": false, "is_available_in_all_stores": true, "is_batch_item": false}
{"id": 521338, "name": "L&M BLUE", "underline": "20 STK. / HARDBOX", "age_limit": 18, "hazard_precaution_statements": [], "labels": [], "description": null, "info": "", "images": [{"small": "https://rema-product-images.digital.rema1000.dk/521338/1-small-MBoN0va59v.webp", "medium": "https://rema-product-images.digital.rema1000.dk/521338/1-medium-MBoN0va59v.webp", "large": "https://rema-product-images.digital.rema1000.dk/521338/1-large-MBoN0va59v.webp"}], "prices": [{"price": 57.5, "price_over_max_quantity": null, "max_quantity": null, "is_advertised": false, "is_campaign": false, "starting_at": "2025-04-01T00:00:00+00:00", "ending_at": "2099-12-31T00:00:00+00:00", "deposit": null, "compare_unit": "stk", "compare_unit_price": 2.88, "consumption_unit": null, "consumption_quantity": null}], "temperature_zone": null, "is_self_scale_item": false, "is_weight_item": false, "is_available_in_all_stores": true, "is_batch_item": false}
{"id": 530101, "name": "Hjemmet", "underline": "1 STK.", "age_limit": null, "hazard_precaution_statements": [], "labels": [], "description": null, "info": "", "images": [{"small": "https://rema-product-images.digital.rema1000.dk/530101/1-small-ElPBgj7Jok.webp", "medium": "https://rema-product-images.digital.rema1000.dk/530101/1-medium-ElPBgj7Jok.webp", "large": "https://rema-product-images.digital.rema1000.dk/530101/1-large-ElPBgj7Jok.webp"}], "prices": [{"price": 44.95, "price_over_max_quantity": null, "max_quantity": null, "is_advertised": false, "is_campaign": false, "starting_at": "2024-11-04T00:00:00+00:00", "ending_at": "2099-12-31T00:00:00+00:00", "deposit": null, "compare_unit": "stk", "compare_unit_price": 44.95, "consumption_unit": null, "consumption_quantity": null}], "temperature_zone": null, "is_self_scale_item": false, "is_weight_item": false, "is_available_in_all_stores": true, "is_batch_item": false}
{"id": 530102, "name": "ALT FOR DAMERNE", "underline": "1 STK.", "age_limit": null, "hazard_precaution_statements": [], "labels": [], "description": null, "info": "", "images": [{"small": "https://rema-product-images.digital.rema1000.dk/530102/1-small-kAonBJpaox.webp", "medium": "https://rema-product-images.digital.rema1000.dk/530102/1-medium-kAonBJpaox.webp", "large": "https://rema-product-images.digital.rema1000.dk/530102/1-large-kAonBJpaox.webp"}], "prices": [{"price": 44.95, "price_over_max_quantity": null, "max_quantity": null, "is_advertised": false, "is_campaign": false, "starting_at": "2024-11-21T00:00:00+00:00", "ending_at": "2099-12-31T00:00:00+00:00", "deposit": null, "compare_unit": "stk", "compare_unit_price": 44.95, "consumption_unit": null, "consumption_quantity": null}], "temperature_zone": null, "is_self_scale_item": false, "is_weight_item": false, "is_available_in_all_stores": true, "is_batch_item": false}
{"id": 530103, "name": "HENDES VERDEN", "underline": "1 STK.", "age_limit": null, "hazard_precaution_statements": [], "labels": [], "description": null, "info": "", "images": [{"small": "https://rema-product-images.digital.rema1000.dk/530103/1-small-3MoM0a66P5.webp", "medium": "https://rema-product-images.digital.rema1000.dk/530103/1-medium-3MoM0a66P5.webp", "large": "https://rema-product-images.digital.rema1000.dk/530103/1-large-3MoM0a66P5.webp"}], "prices": [{"price": 44.95, "price_over_max_quantity": null, "max_quantity": null, "is_advertised": false, "is_campaign": false, "starting_at": "2024-11-04T00:00:00+00:00", "ending_at": "2099-12-31T00:00:00+00:00", "deposit": null, "compare_unit": "stk", "compare_unit_price": 44.95, "consumption_unit": null, "consumption_quantity": null}], "temperature_zone": null, "is_self_scale_item": false, "is_weight_item": false, "is_available_in_all_stores": true, "is_batch_item": false}
{"id": 530149, "name": "HER OG NU", "underline": "1 STK.", "age_limit": null, "hazard_precaution_statements": [], "labels": [], "description": null, "info": "", "images": [{"small": "https://rema-product-images.digital.rema1000.dk/530149/1-small-xQq86OXnPZ.webp", "medium": "https://rema-product-images.digital.rema1000.dk/530149/1-medium-xQq86OXnPZ.webp", "large": "https://rema-product-images.digital.rema1000.dk/530149/1-large-xQq86OXnPZ.webp"}], "prices": [{"price": 29.95, "price_over_max_quantity": null, "max_quantity": null, "is_advertised": false, "is_campaign": false, "starting_at": "2023-05-10T00:00:00+00:00", "ending_at": "2099-12-31T00:00:00+00:00", "deposit": null, "compare_unit": "stk", "compare_unit_price": 29.95, "consumption_unit": null, "consumption_quantity": null}], "temperature_zone": null, "is_self_scale_item": false, "is_weight_item": false, "is_available_in_all_stores": true, "is_batch_item": false}
{"id": 530150, "name": "FAMILIE", "underline": "1 STK. / JOURNALEN", "age_limit": null, "hazard_precaution_statements": [], "labels": [], "description": null, "info": "", "images": [{"small": "https://rema-product-images.digital.rema1000.dk/530150/1-small-vVor8dGD93.webp", "medium": "https://rema-product-images.digital.rema1000.dk/530150/1-medium-vVor8dGD93.webp", "large": "https://rema-product-images.digital.rema1000.dk/530150/1-large-vVor8dGD93.webp"}], "prices": [{"price": 44.95, "price_over_max_quantity": null, "max_quantity": null, "is_advertised": false, "is_campaign": false, "starting_at": "2025-02-17T00:00:00+00:00", "ending_at": "2099-12-31T00:00:00+00:00", "deposit": null, "compare_unit": "stk", "compare_unit_price": 44.95, "consumption_unit": null, "consumption_quantity": null}], "temperature_zone": null, "is_self_scale_item": false, "is_weight_item": false, "is_available_in_all_stores": true, "is_batch_item": false}
{"id": 530152, "name": "BILLED BLADET", "underline": "1 STK.", "age_limit": null, "hazard_precaution_statements": [], "labels": [], "description": null, "info": "", "images": [{"small": "https://rema-product-images.digital.rema1000.dk/530152/1-small-NpP76pVM9O.webp", "medium": "https://rema-product-images.digital.rema1000.dk/530152/1-medium-NpP76pVM9O.webp", "large": "https://rema-product-images.digital.rema1000.dk/530152/1-large-NpP76pVM9O.webp"}], "prices": [{"price": 42.95, "price_over_max_quantity": null, "max_quantity": null, "is_advertised": false, "is_campaign": false, "starting_at": "2024-10-03T00:00:00+00:00", "ending_at": "2099-12-31T00:00:00+00:00", "deposit": null, "compare_unit": "stk", "compare_unit_price": 42.95, "consumption_unit": null, "consumption_quantity": null}], "temperature_zone": null, "is_self_scale_item": false, "is_weight_item": false, "is_available_in_all_stores": true, "is_batch_item": false}
{"id": 530153, "name": "SØNDAG", "underline": "1 STK.", "age_limit": null, "hazard_precaution_statements": [], "labels": [], "description": null, "info": "", "images": [{"small": "https://rema-product-images.digital.rema1000.dk/530153/1-small-aboKQG2w9p.webp", "medium": "https://rema-product-images.digital.rema1000.dk/530153/1-medium-aboKQG2w9p.webp", "large": "https://rema-product-images.digital.rema1000.dk/530153/1-large-aboKQG2w9p.webp"}], "prices": [{"price": 42.95, "price_over_max_quantity": null, "max_quantity": null, "is_advertised": false, "is_campaign": false, "starting_at": "2024-09-30T00:00:00+00:00", "ending_at": "2025-09-14T00:00:00+00:00", "deposit": null, "compare_unit": "stk", "compare_unit_price": 42.95, "consumption_unit": null, "consumption_quantity": null}], "temperature_zone": null, "is_self_scale_item": false, "is_weight_item": false, "is_available_in_all_stores": true, "is_batch_item": false}
{"id": 530154, "name": "SE OG HØR", "underline": "1 STK.", "age_limit": null, "hazard_precaution_statements": [], "labels": [], "description": null, "info": "", "images": [{"small": "https://rema-product-images.digital.rema1000.dk/530154/1-small-Al90DV5k98.webp", "medium": "https://rema-product-images.digital.rema1000.dk/530154/1-medium-Al90DV5k98.webp", "large": "https://rema-product-images.digital.rema1000.dk/530154/1-large-Al90DV5k98.webp"}], "prices": [{"price": 42.95, "price_over_max_quantity": null, "max_quantity": null, "is_advertised": false, "is_campaign": false, "starting_at": "2024-10-03T00:00:00+00:00", "ending_at": "2099-12-31T00:00:00+00:00", "deposit": null, "compare_unit": "stk", "compare_unit_price": 42.95, "consumption_unit": null, "consumption_quantity": null}], "temperature_zone": null, "is_self_scale_item": false, "is_weight_item": false, "is_available_in_all_stores": true, "is_batch_item": false}
{"id": 530155, "name": "UDE & HJEMME", "underline": "1 STK.", "age_limit": null, "hazard_precaution_statements": [], "labels": [], "description": null, "info": "", "images": [{"small": "https://rema-product-images.digital.rema1000.dk/530155/1-small-A5qVv0rwqa.webp", "medium": "https://rema-product-images.digital.rema1000.dk/530155/1-medium-A5qVv0rwqa.webp", "large": "https://rema-product-images.digital.rema1000.dk/530155/1-large-A5qVv0rwqa.webp"}], "prices": [{"price": 44.95, "price_over_max_quantity": null, "max_quantity": null, "is_advertised": false, "is_campaign": false, "starting_at": "2025-02-17T00:00:00+00:00", "ending_at": "2099-12-31T00:00:00+00:00", "deposit": null, "compare_unit": "stk", "compare_unit_price": 44.95, "consumption_unit": null, "consumption_quantity": null}], "temperature_zone": null, "is_self_scale_item": false, "is_weight_item": false, "is_available_in_all_stores": true, "is_batch_item": false}
{"id": 530158, "name": "7-TV-DAGE", "underline": "1 STK.", "age_limit": null, "hazard_precaution_statements": [], "labels": [], "description": null, "info": "", "images": [{"small": "https://rema-product-images.digital.rema1000.dk/530158/1-small-3MovyeOwPA.webp", "medium": "https://rema-product-images.digital.rema1000.dk/530158/1-medium-3MovyeOwPA.webp", "large": "https://rema-product-images.digital.rema1000.dk/530158/1-large-3MovyeOwPA.webp"}], "prices": [{"price": 21.95, "price_over_max_quantity": null, "max_quantity": null, "is_advertised": false, "is_campaign": false, "starting_at": "2022-11-14T00:00:00+00:00", "ending_at": "2099-12-31T00:00:00+00:00", "deposit": null, "compare_unit": "stk", "compare_unit_price": 21.95, "consumption_unit": null, "consumption_quantity": null}], "temperature_zone": null, "is_self_scale_item": false, "is_weight_item": false, "is_available_in_all_stores": true, "is_batch_item": false}
{"id": 537620, "name": "ANDERS AND", "underline": "1 STK. / & CO", "age_limit": null, "hazard_precaution_statements": [], "labels": [], "description": null, "info": "", "images": [{"small": "https://rema-product-images.digital.rema1000.dk/537620/1-small-AKqeyVkRqp.webp", "medium": "https://rema-product-images.digital.rema1000.dk/537620/1-medium-AKqeyVkRqp.webp", "large": "https://rema-product-images.digital.rema1000.dk/537620/1-large-AKqeyVkRqp.webp"}], "prices": [{"price": 74.95, "price_over_max_quantity": null, "max_quantity": null, "is_advertised": false, "is_campaign": false, "starting_at": "2025-08-07T00:00:00+00:00", "ending_at": "2099-12-31T00:00:00+00:00", "deposit": null, "compare_unit": "stk", "compare_unit_price": 74.95, "consumption_unit": null, "consumption_quantity": null}], "temperature_zone": null, "is_self_scale_item": false, "is_weight_item": false, "is_available_in_all_stores": true, "is_batch_item": false}
{"id": 540039, "name": "ZAPP ELEKTRON", "underline": "5 PK. / LIGHTER", "age_limit": null, "hazard_precaution_statements": ["Yderst brandfarlig gas.", "Indeholder gas under tryk, kan eksplodere ved opvarmning."], "labels": [], "description": null, "info": "", "images": [{"small": "https://rema-product-images.digital.rema1000.dk/540039/1-small-zOPlENj1oR.webp", "medium": "https://rema-product-images.digital.rema1000.dk/540039/1-medium-zOPlENj1oR.webp", "large": "https://rema-product-images.digital.rema1000.dk/540039/1-large-zOPlENj1oR.webp"}], "prices": [{"price": 10, "price_over_max_quantity": null, "max_quantity": null, "is_advertised": false, "is_campaign": false, "starting_at": "2015-07-01T00:00:00+00:00", "ending_at": "2099-12-31T00:00:00+00:00", "deposit": null, "compare_unit": "pk", "compare_unit_price": 2, "consumption_unit": null, "consumption_quantity": null}], "temperature_zone": null, "is_self_scale_item": false, "is_weight_item": false, "is_available_in_all_stores": true, "is_batch_item": false}
{"id": 541003, "name": "PIBERENSERE", "underline": "100 STK. / ZAPP", "age_limit": null, "hazard_precaution_statements": [], "labels": [], "description": null, "info": "", "images": [{"small": "https://rema-product-images.digital.rema1000.dk/541003/1-small-3MoM043yP5.webp", "medium": "https://rema-product-images.digital.rema1000.dk/541003/1-medium-3MoM043yP5.webp", "large": "https://rema-product-images.digital.rema1000.dk/541003/1-large-3MoM043yP5.webp"}], "prices": [{"price": 10.5, "price_over_max_quantity": null, "max_quantity": null, "is_advertised": false, "is_campaign": false, "starting_at": "2022-07-15T00:00:00+00:00", "ending_at": "2099-12-31T00:00:00+00:00", "deposit": null, "compare_unit": "stk", "compare_unit_price": 0.11, "consumption_unit": null, "consumption_quantity": null}], "temperature_zone": null, "is_self_scale_item": false, "is_weight_item": false, "is_available_in_all_stores": true, "is_batch_item": false}
{"id": 543006, "name": "EXTRA GAS", "underline": "300 ML. / LIGHTER", "age_limit": null, "hazard_precaution_statements": ["Yderst brandfarlig aerosol.", "Beholder under tryk. Kan sprænges ved opvarmning.", "Opbevares utilgængeligt for børn.", "Holdes væk fra varme, varme overflader, gnister, åben ild og andre antændelseskilder. Rygning forbudt.", "Spray ikke mod åben ild eller andre antændelseskilder.", "Må ikke punkteres eller brændes, heller ikke efter brug.", "Beskyttes mod sollys. Må ikke udsættes for en temperatur, som overstiger 50 °C/122 °F."], "labels": [], "description": "Zapp extra gas er en praktisk lightergas refill fra Zapp, som hurtigt og nemt genopfylder din gaslighter.", "info": "", "images": [{"small": "https://rema-product-images.digital.rema1000.dk/543006/1-small-vVor8KeQ93.webp", "medium": "https://rema-product-images.digital.rema1000.dk/543006/1-medium-vVor8KeQ93.webp", "large": "https://rema-product-images.digital.rema1000.dk/543006/1-large-vVor8KeQ93.webp"}], "prices": [{"price": 12.5, "price_over_max_quantity": null, "max_quantity": null, "is_advertised": false, "is_campaign": false, "starting_at": "2023-03-02T00:00:00+00:00", "ending_at": "2099-12-31T00:00:00+00:00", "deposit": null, "compare_unit": "ltr", "compare_unit_price": 41.67, "consumption_unit": null, "consumption_quantity": null}], "temperature_zone": null, "is_self_scale_item": false, "is_weight_item": false, "is_available_in_all_stores": true, "is_batch_item": false}
{"id": 561677, "name": "ORLIK SLICED RØD", "underline": "38 GR. / GROV I PUNG", "age_limit": 18, "hazard_precaution_statements": [], "labels": [], "description": null, "info": "", "images": [{"small": "https://rema-product-images.digital.rema1000.dk/561677/1-small-YLPjmrAV9k.webp", "medium": "https://rema-product-images.digital.rema1000.dk/561677/1-medium-YLPjmrAV9k.webp", "large": "https://rema-product-images.digital.rema1000.dk/561677/1-large-YLPjmrAV9k.webp"}], "prices": [{"price": 145, "price_over_max_quantity": null, "max_quantity": null, "is_advertised": false, "is_campaign": false, "starting_at": "2024-11-27T00:00:00+00:00", "ending_at": "2099-12-31T00:00:00+00:00", "deposit": null, "compare_unit": "kg", "compare_unit_price": 3815.79, "consumption_unit": null, "consumption_quantity": null}], "temperature_zone": null, "is_self_scale_item": false, "is_weight_item": false, "is_available_in_all_stores": true, "is_batch_item": false}
{"id": 561684, "name": "SPECIAL DUBLIN GUL", "underline": "38 GR. / MIXTURE PUNG", "age_limit": 18, "hazard_precaution_statements": [], "labels": [], "description": null, "info": "", "images": [{"small": "https://rema-product-images.digital.rema1000.dk/561684/1-small-rQqQngVE9e.webp", "medium": "https://rema-product-images.digital.rema1000.dk/561684/1-medium-rQqQngVE9e.webp", "large": "https://rema-product-images.digital.rema1000.dk/561684/1-large-rQqQngVE9e.webp"}], "prices": [{"price": 139.95, "price_over_max_quantity": null, "max_quantity": null, "is_advertised": false, "is_campaign": false, "starting_at": "2024-11-27T00:00:00+00:00", "ending_at": "2099-12-31T00:00:00+00:00", "deposit": null, "compare_unit": "kg", "compare_unit_price": 3682.89, "consumption_unit": null, "consumption_quantity": null}], "temperature_zone": null, "is_self_scale_item": false, "is_weight_item": false, "is_available_in_all_stores": true, "is_batch_item": false}
{"id": 561694, "name": "BALI SHAG PUNG", "underline": "34 GR. / RØD VIRGINIA", "age_limit": 18, "hazard_precaution_statements": [], "labels": [], "description": null, "info": "", "images": [{"small": "https://rema-product-images.digital.rema1000.dk/561694/1-small-vVor8vgW93.webp", "medium": "https://rema-product-images.digital.rema1000.dk/561694/1-medium-vVor8vgW93.webp", "large": "https://rema-product-images.digital.rema1000.dk/561694/1-large-vVor8vgW93.webp"}], "prices": [{"price": 109.95, "price_over_max_quantity": null, "max_quantity": null, "is_advertised": false, "is_campaign": false, "starting_at": "2024-11-27T00:00:00+00:00", "ending_at": "2099-12-31T00:00:00+00:00", "deposit": null, "compare_unit": "kg", "compare_unit_price": 3233.82, "consumption_unit": null, "consumption_quantity": null}], "temperature_zone": null, "is_self_scale_item": false, "is_weight_item": false, "is_available_in_all_stores": true, "is_batch_item": false}
{"id": 561696, "name": "BUGLER RØD", "underline": "44 GR. / VOLUME DÅSE", "age_limit": 18, "hazard_precaution_statements": [], "labels": [], "description": null, "info": "", "images": [{"small": "https://rema-product-images.digital.rema1000.dk/561696/1-small-NpP76GrV9O.webp", "medium": "https://rema-product-images.digital.rema1000.dk/561696/1-medium-NpP76GrV9O.webp", "large": "https://rema-product-images.digital.rema1000.dk/561696/1-large-NpP76GrV9O.webp"}], "prices": [{"price": 109.95, "price_over_max_quantity": null, "max_quantity": null, "is_advertised": false, "is_campaign": false, "starting_at": "2024-11-27T00:00:00+00:00", "ending_at": "2099-12-31T00:00:00+00:00", "deposit": null, "compare_unit": "kg", "compare_unit_price": 2498.86, "consumption_unit": null, "consumption_quantity": null}], "temperature_zone": null, "is_self_scale_item": false, "is_weight_item": false, "is_available_in_all_stores": true, "is_batch_item": false}
{"id": 561698, "name": "ESCORT RED ORIGINAL", "underline": "30 GR. / FINSKÅREN I PUNG", "age_limit": 18, "hazard_precaution_statements": [], "labels": [], "description": null, "info": "", "images": [{"small": "https://rema-product-images.digital.rema1000.dk/561698/1-small-Al90DGMn98.webp", "medium": "https://rema-product-images.digital.rema1000.dk/561698/1-medium-Al90DGMn98.webp", "large": "https://rema-product-images.digital.rema1000.dk/561698/1-large-Al90DGMn98.webp"}], "prices": [{"price": 94.95, "price_over_max_quantity": null, "max_quantity": null, "is_advertised": false, "is_campaign": false, "starting_at": "2024-11-27T00:00:00+00:00", "ending_at": "2099-12-31T00:00:00+00:00", "deposit": null, "compare_unit": "kg", "compare_unit_price": 3165, "consumption_unit": null, "consumption_quantity": null}], "temperature_zone": null, "is_self_scale_item": false, "is_weight_item": false, "is_available_in_all_stores": true, "is_batch_item": false}
{"id": 561701, "name": "ESCORT YELLOW", "underline": "30 GR. / FINSKÅREN I PUNG", "age_limit": 18, "hazard_precaution_statements": [], "labels": [], "description": null, "info": "", "images": [{"small": "https://rema-product-images.digital.rema1000.dk/561701/1-small-ElPBgGYWok.webp", "medium": "https://rema-product-images.digital.rema1000.dk/561701/1-medium-ElPBgGYWok.webp", "large": "https://rema-product-images.digital.rema1000.dk/561701/1-large-ElPBgGYWok.webp"}], "prices": [{"price": 94.95, "price_over_max_quantity": null, "max_quantity": null, "is_advertised": false, "is_campaign": false, "starting_at": "2024-11-27T00:00:00+00:00", "ending_at": "2099-12-31T00:00:00+00:00", "deposit": null, "compare_unit": "kg", "compare_unit_price": 3165, "consumption_unit": null, "consumption_quantity": null}], "temperature_zone": null, "is_self_scale_item": false, "is_weight_item": false, "is_available_in_all_stores": true, "is_batch_item": false}
{"id": 561704, "name": "HOME ROLL VOLUME", "underline": "47 GR. / RØD I DÅSE", "age_limit": 18, "hazard_precaution_statements": [], "labels": [], "description": null, "info": "", "images": [{"small": "https://rema-product-images.digital.rema1000.dk/561704/1-small-OJq55G5zqp.webp", "medium": "https://rema-product-images.digital.rema1000.dk/561704/1-medium-OJq55G5zqp.webp", "large": "https://rema-product-images.digital.rema1000.dk/561704/1-large-OJq55G5zqp.webp"}], "prices": [{"price": 129.95, "price_over_max_quantity": null, "max_quantity": null, "is_advertised": false, "is_campaign": false, "starting_at": "2024-11-27T00:00:00+00:00", "ending_at": "2099-12-31T00:00:00+00:00", "deposit": null, "compare_unit": "kg", "compare_unit_price": 2764.89, "consumption_unit": null, "consumption_quantity": null}], "temperature_zone": null, "is_self_scale_item": false, "is_weight_item": false, "is_available_in_all_stores": true, "is_batch_item": false}
{"id": 561706, "name": "ROLLE RED ORIGINAL", "underline": "60 GR. / I DÅSE", "age_limit": 18, "hazard_precaution_statements": [], "labels": [], "description": null, "info": "", "images": [{"small": "https://rema-product-images.digital.rema1000.dk/561706/1-small-vVor8v8Q93.webp", "medium": "https://rema-product-images.digital.rema1000.dk/561706/1-medium-vVor8v8Q93.webp", "large": "https://rema-product-images.digital.rema1000.dk/561706/1-large-vVor8v8Q93.webp"}], "prices": [{"price": 198.95, "price_over_max_quantity": null, "max_quantity": null, "is_advertised": false, "is_campaign": false, "starting_at": "2024-11-27T00:00:00+00:00", "ending_at": "2099-12-31T00:00:00+00:00", "deposit": null, "compare_unit": "kg", "compare_unit_price": 3315.83, "consumption_unit": null, "consumption_quantity": null}], "temperature_zone": null, "is_self_scale_item": false, "is_weight_item": false, "is_available_in_all_stores": true, "is_batch_item": false}
{"id": 561708, "name": "SCROLL RØD", "underline": "55 GR. / ORIGINAL, DÅSE", "age_limit": 18, "hazard_precaution_statements": [], "labels": [], "description": null, "info": "", "images": [{"small": "https://rema-product-images.digital.rema1000.dk/561708/1-small-NpP76G609O.webp", "medium": "https://rema-product-images.digital.rema1000.dk/561708/1-medium-NpP76G609O.webp", "large": "https://rema-product-images.digital.rema1000.dk/561708/1-large-NpP76G609O.webp"}], "prices": [{"price": 157.95, "price_over_max_quantity": null, "max_quantity": null, "is_advertised": false, "is_campaign": false, "starting_at": "2024-11-27T00:00:00+00:00", "ending_at": "2099-12-31T00:00:00+00:00", "deposit": null, "compare_unit": "kg", "compare_unit_price": 2871.82, "consumption_unit": null, "consumption_quantity": null}], "temperature_zone": null, "is_self_scale_item": false, "is_weight_item": false, "is_available_in_all_stores": true, "is_batch_item": false}
{"id": 561724, "name": "MIXTURE", "underline": "38 GR. / I PUNG", "age_limit": 18, "hazard_precaution_statements": [], "labels": [], "description": null, "info": "", "images": [{"small": "https://rema-product-images.digital.rema1000.dk/561724/1-small-vXodywyxq3.webp", "medium": "https://rema-product-images.digital.rema1000.dk/561724/1-medium-vXodywyxq3.webp", "large": "https://rema-product-images.digital.rema1000.dk/561724/1-large-vXodywyxq3.webp"}], "prices": [{"price": 134.95, "price_over_max_quantity": null, "max_quantity": null, "is_advertised": false, "is_campaign": false, "starting_at": "2024-12-12T00:00:00+00:00", "ending_at": "2099-12-31T00:00:00+00:00", "deposit": null, "compare_unit": "kg", "compare_unit_price": 3551.32, "consumption_unit": null, "consumption_quantity": null}], "temperature_zone": null, "is_self_scale_item": false, "is_weight_item": false, "is_available_in_all_stores": true, "is_batch_item": false}
{"id": 561734, "name": "OPAL ORIGINAL", "underline": "52 GR. / RØD I DÅSE", "age_limit": 18, "hazard_precaution_statements": [], "labels": [], "description": null, "info": "", "images": [{"small": "https://rema-product-images.digital.rema1000.dk/561734/1-small-yLqG5G57Pd.webp", "medium": "https://rema-product-images.digital.rema1000.dk/561734/1-medium-yLqG5G57Pd.webp", "large": "https://rema-product-images.digital.rema1000.dk/561734/1-large-yLqG5G57Pd.webp"}], "prices": [{"price": 149.95, "price_over_max_quantity": null, "max_quantity": null, "is_advertised": false, "is_campaign": false, "starting_at": "2024-12-12T00:00:00+00:00", "ending_at": "2099-12-31T00:00:00+00:00", "deposit": null, "compare_unit": "kg", "compare_unit_price": 2883.65, "consumption_unit": null, "consumption_quantity": null}], "temperature_zone": null, "is_self_scale_item": false, "is_weight_item": false, "is_available_in_all_stores": true, "is_batch_item": false}
{"id": 570230, "name": "EKSTRA BLADET", "underline": "1 STK.", "age_limit": null, "hazard_precaution_statements": [], "labels": [], "description": null, "info": "", "images": [{"small": "https://rema-product-images.digital.rema1000.dk/570230/1-small-869DB8yeoM.webp", "medium": "https://rema-product-images.digital.rema1000.dk/570230/1-medium-869DB8yeoM.webp", "large": "https://rema-product-images.digital.rema1000.dk/570230/1-large-869DB8yeoM.webp"}], "prices": [{"price": 36, "price_over_max_quantity": null, "max_quantity": null, "is_advertised": false, "is_campaign": false, "starting_at": "2025-01-03T00:00:00+00:00", "ending_at": "2099-12-31T00:00:00+00:00", "deposit": null, "compare_unit": "stk", "compare_unit_price": 36, "consumption_unit": null, "consumption_quantity": null}], "temperature_zone": null, "is_self_scale_item": false, "is_weight_item": false, "is_available_in_all_stores": false, "is_batch_item": false}
{"id": 60009, "name": "YOGHURTBOLLER", "underline": "500 GR. / SCHULSTAD", "age_limit": null, "hazard_precaution_statements": [], "labels": [{"id": 40, "name": "Nøglehul", "image": "https://static-assets.digital.rema1000.dk/product/labels/40-64.webp"}, {"id": 43, "name": "Fuldkorn", "image": "https://static-assets.digital.rema1000.dk/product/labels/43-64.webp"}], "description": null, "info": "", "images": [{"small": "https://rema-product-images.digital.rema1000.dk/60009/1-small-aboKXYmqpM.webp", "medium": "https://rema-product-images.digital.rema1000.dk/60009/1-medium-aboKXYmqpM.webp", "large": "https://rema-product-images.digital.rema1000.dk/60009/1-large-aboKXYmqpM.webp"}], "prices": [{"price": 20.5, "price_over_max_quantity": null, "max_quantity": null, "is_advertised": false, "is_campaign": false, "starting_at": "2025-07-03T00:00:00+00:00", "ending_at": "2099-12-31T00:00:00+00:00", "deposit": null, "compare_unit": "kg", "compare_unit_price": 41, "consumption_unit": null, "consumption_quantity": null}], "temperature_zone": null, "is_self_scale_item": false, "is_weight_item": false, "is_available_in_all_stores": true, "is_batch_item": false}
{"id": 600199, "name": "LOMMELYGTE", "underline": "1 STK. / LED MED 5 LYSFUNKTIONER", "age_limit": null, "hazard_precaution_statements": [], "labels": [], "description": "Funktion: høj, medium, lav, strobe, SOS Bruger 3 stk. AAA batterier, ej inklusive", "info": "", "images": [{"small": "https://rema-product-images.digital.rema1000.dk/600199/1-small-A5qVl6gpPa.webp", "medium": "https://rema-product-images.digital.rema1000.dk/600199/1-medium-A5qVl6gpPa.webp", "large": "https://rema-product-images.digital.rema1000.dk/600199/1-large-A5qVl6gpPa.webp"}], "prices": [{"price": 39.95, "price_over_max_quantity": null, "max_quantity": null, "is_advertised": false, "is_campaign": false, "starting_at": "2019-06-21T00:00:00+00:00", "ending_at": "2099-12-31T00:00:00+00:00", "deposit": null, "compare_unit": "stk", "compare_unit_price": 39.95, "consumption_unit": null, "consumption_quantity": null}], "temperature_zone": null, "is_self_scale_item": false, "is_weight_item": false, "is_available_in_all_stores": true, "is_batch_item": false}
{"id": 60055, "name": "LIMPAN", "underline": "900 GR. / PÅGEN", "age_limit": null, "hazard_precaution_statements": [], "labels": [{"id": 9001, "name": "Avisvare", "image": "https://static-assets.digital.rema1000.dk/product/labels/9001-64.webp"}], "description": null, "info": "", "images": [{"small": "https://rema-product-images.digital.rema1000.dk/60055/1-small-A5qVkgp9aQ.webp", "medium": "https://rema-product-images.digital.rema1000.dk/60055/1-medium-A5qVkgp9aQ.webp", "large": "https://rema-product-images.digital.rema1000.dk/60055/1-large-A5qVkgp9aQ.webp"}], "prices": [{"price": 15, "price_over_max_quantity": null, "max_quantity": null, "is_advertised": true, "is_campaign": true, "starting_at": "2025-08-17T00:00:00+00:00", "ending_at": "2025-08-23T00:00:00+00:00", "deposit": null, "compare_unit": "kg", "compare_unit_price": 16.67, "consumption_unit": null, "consumption_quantity": null}, {"price": 25.95, "price_over_max_quantity": null, "max_quantity": null, "is_advertised": false, "is_campaign": false, "starting_at": "2025-08-24T00:00:00+00:00", "ending_at": "2025-09-06T00:00:00+00:00", "deposit": null, "compare_unit": "kg", "compare_unit_price": 28.83, "consumption_unit": null, "consumption_quantity": null}], "temperature_zone": null, "is_self_scale_item": false, "is_weight_item": false, "is_available_in_all_stores": true, "is_batch_item": false}
{"id": 60080, "name": "CHIA BOLLER", "underline": "520 GR. / LEVEBRØD", "age_limit": null, "hazard_precaution_statements": [], "labels": [{"id": 40, "name": "Nøglehul", "image": "https://static-assets.digital.rema1000.dk/product/labels/40-64.webp"}, {"id": 43, "name": "Fuldkorn", "image": "https://static-assets.digital.rema1000.dk/product/labels/43-64.webp"}], "description": null, "info": "", "images": [{"small": "https://rema-product-images.digital.rema1000.dk/60080/1-small-7doLk5LP6r.webp", "medium": "https://rema-product-images.digital.rema1000.dk/60080/1-medium-7doLk5LP6r.webp", "large": "https://rema-product-images.digital.rema1000.dk/60080/1-large-7doLk5LP6r.webp"}], "prices": [{"price": 25.5, "price_over_max_quantity": null, "max_quantity": null, "is_advertised": false, "is_campaign": false, "starting_at": "2025-07-03T00:00:00+00:00", "ending_at": "2025-09-13T00:00:00+00:00", "deposit": null, "compare_unit": "kg", "compare_unit_price": 49.04, "consumption_unit": null, "consumption_quantity": null}], "temperature_zone": null, "is_self_scale_item": false, "is_weight_item": false, "is_available_in_all_stores": true, "is_batch_item": false}
{"id": 60086, "name": "NAANBRØD, HVIDLØG", "underline": "260 GR. / REMA 1000", "age_limit": null, "hazard_precaution_statements": [], "labels": [{"id": 2, "name": "REMA1000", "image": "https://static-assets.digital.rema1000.dk/product/labels/2-64.webp"}], "description": null, "info": "", "images": [{"small": "https://rema-product-images.digital.rema1000.dk/60086/1-small-A4Pyj0YoLV.webp", "medium": "https://rema-product-images.digital.rema1000.dk/60086/1-medium-A4Pyj0YoLV.webp", "large": "https://rema-product-images.digital.rema1000.dk/60086/1-large-A4Pyj0YoLV.webp"}], "prices": [{"price": 12, "price_over_max_quantity": null, "max_quantity": null, "is_advertised": false, "is_campaign": false, "starting_at": "2024-11-14T00:00:00+00:00", "ending_at": "2099-12-31T00:00:00+00:00", "deposit": null, "compare_unit": "kg", "compare_unit_price": 46.15, "consumption_unit": null, "consumption_quantity": null}], "temperature_zone": null, "is_self_scale_item": false, "is_weight_item": false, "is_available_in_all_stores": true, "is_batch_item": false}
{"id": 60089, "name": "SOLSIKKEBOLLER", "underline": "500 GR. / DET GODE", "age_limit": null, "hazard_precaution_statements": [], "labels": [], "description": null, "info": "", "images": [{"small": "https://rema-product-images.digital.rema1000.dk/60089/1-small-ElPBk1lokG.webp", "medium": "https://rema-product-images.digital.rema1000.dk/60089/1-medium-ElPBk1lokG.webp", "large": "https://rema-product-images.digital.rema1000.dk/60089/1-large-ElPBk1lokG.webp"}], "prices": [{"price": 25.95, "price_over_max_quantity": null, "max_quantity": null, "is_advertised": false, "is_campaign": false, "starting_at": "2025-07-03T00:00:00+00:00", "ending_at": "2025-08-30T00:00:00+00:00", "deposit": null, "compare_unit": "kg", "compare_unit_price": 51.9, "consumption_unit": null, "consumption_quantity": null}], "temperature_zone": null, "is_self_scale_item": false, "is_weight_item": false, "is_available_in_all_stores": true, "is_batch_item": false}
{"id": 60099, "name": "SOLSTYKKER", "underline": "360 GR. / PÅGEN", "age_limit": null, "hazard_precaution_statements": [], "labels": [{"id": 9001, "name": "Avisvare", "image": "https://static-assets.digital.rema1000.dk/product/labels/9001-64.webp"}, {"id": 40, "name": "Nøglehul", "image": "https://static-assets.digital.rema1000.dk/product/labels/40-64.webp"}, {"id": 43, "name": "Fuldkorn", "image": "https://static-assets.digital.rema1000.dk/product/labels/43-64.webp"}], "description": null, "info": "", "images": [{"small": "https://rema-product-images.digital.rema1000.dk/60099/1-small-A5qVkzp9aQ.webp", "medium": "https://rema-product-images.digital.rema1000.dk/60099/1-medium-A5qVkzp9aQ.webp", "large": "https://rema-product-images.digital.rema1000.dk/60099/1-large-A5qVkzp9aQ.webp"}], "prices": [{"price": 15, "price_over_max_quantity": null, "max_quantity": null, "is_advertised": true, "is_campaign": true, "starting_at": "2025-08-17T00:00:00+00:00", "ending_at": "2025-08-23T00:00:00+00:00", "deposit": null, "compare_unit": "kg", "compare_unit_price": 41.67, "consumption_unit": null, "consumption_quantity": null}, {"price": 23.95, "price_over_max_quantity": null, "max_quantity": null, "is_advertised": false, "is_campaign": false, "starting_at": "2025-08-24T00:00:00+00:00", "ending_at": "2025-09-06T00:00:00+00:00", "deposit": null, "compare_unit": "kg", "compare_unit_price": 66.53, "consumption_unit": null, "consumption_quantity": null}], "temperature_zone": null, "is_self_scale_item": false, "is_weight_item": false, "is_available_in_all_stores": true, "is_batch_item": false}
{"id": 60106, "name": "SOLSKINSBOLLER", "underline": "390 GR. / KOHBERG", "age_limit": null, "hazard_precaution_statements": [], "labels": [], "description": null, "info": "", "images": [{"small": "https://rema-product-images.digital.rema1000.dk/60106/1-small-vVor1QQP3z.webp", "medium": "https://rema-product-images.digital.rema1000.dk/60106/1-medium-vVor1QQP3z.webp", "large": "https://rema-product-images.digital.rema1000.dk/60106/1-large-vVor1QQP3z.webp"}], "prices": [{"price": 22.75, "price_over_max_quantity": null, "max_quantity": null, "is_advertised": false, "is_campaign": false, "starting_at": "2024-01-04T00:00:00+00:00", "ending_at": "2025-08-23T00:00:00+00:00", "deposit": null, "compare_unit": "kg", "compare_unit_price": 58.33, "consumption_unit": null, "consumption_quantity": null}], "temperature_zone": null, "is_self_scale_item": false, "is_weight_item": false, "is_available_in_all_stores": true, "is_batch_item": false}
{"id": 60112, "name": "HVEDETOAST", "underline": "375 GR. / REMA 1000", "age_limit": null, "hazard_precaution_statements": [], "labels": [{"id": 2, "name": "REMA1000", "image": "https://static-assets.digital.rema1000.dk/product/labels/2-64.webp"}], "description": null, "info": "", "images": [{"small": "https://rema-product-images.digital.rema1000.dk/60112/1-small-18oXkwJPkb.webp", "medium": "https://rema-product-images.digital.rema1000.dk/60112/1-medium-18oXkwJPkb.webp", "large": "https://rema-product-images.digital.rema1000.dk/60112/1-large-18oXkwJPkb.webp"}], "prices": [{"price": 5.95, "price_over_max_quantity": null, "max_quantity": null, "is_advertised": false, "is_campaign": false, "starting_at": "2024-08-29T00:00:00+00:00", "ending_at": "2099-12-31T00:00:00+00:00", "deposit": null, "compare_unit": "kg", "compare_unit_price": 15.87, "consumption_unit": null, "consumption_quantity": null}], "temperature_zone": null, "is_self_scale_item": false, "is_weight_item": false, "is_available_in_all_stores": true, "is_batch_item": false}
{"id": 60113, "name": "FULDKORNSTOAST", "underline": "375 GR. / REMA 1000", "age_limit": null, "hazard_precaution_statements": [], "labels": [{"id": 2, "name": "REMA1000", "image": "https://static-assets.digital.rema1000.dk/product/labels/2-64.webp"}, {"id": 40, "name": "Nøglehul", "image": "https://static-assets.digital.rema1000.dk/product/labels/40-64.webp"}, {"id": 43, "name": "Fuldkorn", "image": "https://static-assets.digital.rema1000.dk/product/labels/43-64.webp"}], "description": null, "info": "", "images": [{"small": "https://rema-product-images.digital.rema1000.dk/60113/1-small-wyPbK0QoEm.webp", "medium": "https://rema-product-images.digital.rema1000.dk/60113/1-medium-wyPbK0QoEm.webp", "large": "https://rema-product-images.digital.rema1000.dk/60113/1-large-wyPbK0QoEm.webp"}], "prices": [{"price": 7.5, "price_over_max_quantity": null, "max_quantity": null, "is_advertised": false, "is_campaign": false, "starting_at": "2023-10-05T00:00:00+00:00", "ending_at": "2099-12-31T00:00:00+00:00", "deposit": null, "compare_unit": "kg", "compare_unit_price": 20, "consumption_unit": null, "consumption_quantity": null}], "temperature_zone": null, "is_self_scale_item": false, "is_weight_item": false, "is_available_in_all_stores": true, "is_batch_item": false}
{"id": 60114, "name": "HVEDESANDWICH", "underline": "500 GR. / REMA 1000", "age_limit": null, "hazard_precaution_statements": [], "labels": [{"id": 2, "name": "REMA1000", "image": "https://static-assets.digital.rema1000.dk/product/labels/2-64.webp"}], "description": null, "info": "", "images": [{"small": "https://rema-product-images.digital.rema1000.dk/60114/1-small-3MovxwV9Ab.webp", "medium": "https://rema-product-images.digital.rema1000.dk/60114/1-medium-3MovxwV9Ab.webp", "large": "https://rema-product-images.digital.rema1000.dk/60114/1-large-3MovxwV9Ab.webp"}], "prices": [{"price": 8.75, "price_over_max_quantity": null, "max_quantity": null, "is_advertised": false, "is_campaign": false, "starting_at": "2023-10-05T00:00:00+00:00", "ending_at": "2099-12-31T00:00:00+00:00", "deposit": null, "compare_unit": "kg", "compare_unit_price": 17.5, "consumption_unit": null, "consumption_quantity": null}], "temperature_zone": null, "is_self_scale_item": false, "is_weight_item": false, "is_available_in_all_stores": true, "is_batch_item": false}
{"id": 60115, "name": "FULDKORNSSANDWICH", "underline": "500 GR. / REMA 1000", "age_limit": null, "hazard_precaution_statements": [], "labels": [{"id": 2, "name": "REMA1000", "image": "https://static-assets.digital.rema1000.dk/product/labels/2-64.webp"}, {"id": 40, "name": "Nøglehul", "image": "https://static-assets.digital.rema1000.dk/product/labels/40-64.webp"}, {"id": 43, "name": "Fuldkorn", "image": "https://static-assets.digital.rema1000.dk/product/labels/43-64.webp"}], "description": null, "info": "", "images": [{"small": "https://rema-product-images.digital.rema1000.dk/60115/1-small-KpqRmjRoLz.webp", "medium": "https://rema-product-images.digital.rema1000.dk/60115/1-medium-KpqRmjRoLz.webp", "large": "https://rema-product-images.digital.rema1000.dk/60115/1-large-KpqRmjRoLz.webp"}], "prices": [{"price": 9.5, "price_over_max_quantity": null, "max_quantity": null, "is_advertised": false, "is_campaign": false, "starting_at": "2023-07-20T00:00:00+00:00", "ending_at": "2099-12-31T00:00:00+00:00", "deposit": null, "compare_unit": "kg", "compare_unit_price": 19, "consumption_unit": null, "consumption_quantity": null}], "temperature_zone": null, "is_self_scale_item": false, "is_weight_item": false, "is_available_in_all_stores": true, "is_batch_item": false}
{"id": 60119, "name": "BRIOCHE HOTDOG", "underline": "360 GR. / REMA 1000", "age_limit": null, "hazard_precaution_statements": [], "labels": [{"id": 9001, "name": "Avisvare", "image": "https://static-assets.digital.rema1000.dk/product/labels/9001-64.webp"}, {"id": 2, "name": "REMA1000", "image": "https://static-assets.digital.rema1000.dk/product/labels/2-64.webp"}], "description": null, "info": "", "images": [{"small": "https://rema-product-images.digital.rema1000.dk/60119/1-small-rDq6OK59bW.webp", "medium": "https://rema-product-images.digital.rema1000.dk/60119/1-medium-rDq6OK59bW.webp", "large": "https://rema-product-images.digital.rema1000.dk/60119/1-large-rDq6OK59bW.webp"}], "prices": [{"price": 10, "price_over_max_quantity": null, "max_quantity": null, "is_advertised": true, "is_campaign": true, "starting_at": "2025-08-17T00:00:00+00:00", "ending_at": "2025-08-23T00:00:00+00:00", "deposit": null, "compare_unit": "kg", "compare_unit_price": 27.78, "consumption_unit": null, "consumption_quantity": null}, {"price": 17.75, "price_over_max_quantity": null, "max_quantity": null, "is_advertised": false, "is_campaign": false, "starting_at": "2025-08-24T00:00:00+00:00", "ending_at": "2025-09-13T00:00:00+00:00", "deposit": null, "compare_unit": "kg", "compare_unit_price": 49.31, "consumption_unit": null, "consumption_quantity": null}], "temperature_zone": null, "is_self_scale_item": false, "is_weight_item": false, "is_available_in_all_stores": true, "is_batch_item": false}
{"id": 60120, "name": "BRIOCHE BURGERB.", "underline": "360 GR. / REMA 1000", "age_limit": null, "hazard_precaution_statements": [], "labels": [{"id": 9001, "name": "Avisvare", "image": "https://static-assets.digital.rema1000.dk/product/labels/9001-64.webp"}, {"id": 2, "name": "REMA1000", "image": "https://static-assets.digital.rema1000.dk/product/labels/2-64.webp"}], "description": null, "info": "", "images": [{"small": "https://rema-product-images.digital.rema1000.dk/60120/1-small-AKqeXL2op1.webp", "medium": "https://rema-product-images.digital.rema1000.dk/60120/1-medium-AKqeXL2op1.webp", "large": "https://rema-product-images.digital.rema1000.dk/60120/1-large-AKqeXL2op1.webp"}], "prices": [{"price": 10, "price_over_max_quantity": null, "max_quantity": null, "is_advertised": true, "is_campaign": true, "starting_at": "2025-08-17T00:00:00+00:00", "ending_at": "2025-08-23T00:00:00+00:00", "deposit": null, "compare_unit": "kg", "compare_unit_price": 27.78, "consumption_unit": null, "consumption_quantity": null}, {"price": 17.75, "price_over_max_quantity": null, "max_quantity": null, "is_advertised": false, "is_campaign": false, "starting_at": "2025-08-24T00:00:00+00:00", "ending_at": "2025-09-13T00:00:00+00:00", "deposit": null, "compare_unit": "kg", "compare_unit_price": 49.31, "consumption_unit": null, "consumption_quantity": null}], "temperature_zone": null, "is_self_scale_item": false, "is_weight_item": false, "is_available_in_all_stores": true, "is_batch_item": false}
{"id": 60121, "name": "KRYDDERBOLLER", "underline": "410 GR. / REMA 1000, FULDK.", "age_limit": null, "hazard_precaution_statements": [], "labels": [{"id": 2, "name": "REMA1000", "image": "https://static-assets.digital.rema1000.dk/product/labels/2-64.webp"}, {"id": 40, "name": "Nøglehul", "image": "https://static-assets.digital.rema1000.dk/product/labels/40-64.webp"}, {"id": 43, "name": "Fuldkorn", "image": "https://static-assets.digital.rema1000.dk/product/labels/43-64.webp"}], "description": null, "info": "", "images": [{"small": "https://rema-product-images.digital.rema1000.dk/60121/1-small-bJ9YwBZoL5.webp", "medium": "https://rema-product-images.digital.rema1000.dk/60121/1-medium-bJ9YwBZoL5.webp", "large": "https://rema-product-images.digital.rema1000.dk/60121/1-large-bJ9YwBZoL5.webp"}], "prices": [{"price": 10.5, "price_over_max_quantity": null, "max_quantity": null, "is_advertised": false, "is_campaign": false, "starting_at": "2023-10-05T00:00:00+00:00", "ending_at": "2099-12-31T00:00:00+00:00", "deposit": null, "compare_unit": "kg", "compare_unit_price": 25.61, "consumption_unit": null, "consumption_quantity": null}], "temperature_zone": null, "is_self_scale_item": false, "is_weight_item": false, "is_available_in_all_stores": true, "is_batch_item": false}
{"id": 60125, "name": "PITABRØD", "underline": "220 GR. / BFREE", "age_limit": null, "hazard_precaution_statements": [], "labels": [{"id": 31, "name": "Ikke tilsat sukker", "image": "https://static-assets.digital.rema1000.dk/product/labels/31-64.webp"}, {"id": 38, "name": "Gluten fri", "image": "https://static-assets.digital.rema1000.dk/product/labels/38-64.webp"}], "description": null, "info": "", "images": [{"small": "https://rema-product-images.digital.rema1000.dk/60125/1-small-Ea91zk4PzY.webp", "medium": "https://rema-product-images.digital.rema1000.dk/60125/1-medium-Ea91zk4PzY.webp", "large": "https://rema-product-images.digital.rema1000.dk/60125/1-large-Ea91zk4PzY.webp"}], "prices": [{"price": 28, "price_over_max_quantity": null, "max_quantity": null, "is_advertised": false, "is_campaign": false, "starting_at": "2021-11-02T00:00:00+00:00", "ending_at": "2099-12-31T00:00:00+00:00", "deposit": null, "compare_unit": "kg", "compare_unit_price": 127.27, "consumption_unit": null, "consumption_quantity": null}], "temperature_zone": null, "is_self_scale_item": false, "is_weight_item": false, "is_available_in_all_stores": true, "is_batch_item": false}
{"id": 60132, "name": "SIGNATURBRØD", "underline": "375 GR. / GILLELEJE HAVN", "age_limit": null, "hazard_precaution_statements": [], "labels": [], "description": null, "info": "", "images": [{"small": "https://rema-product-images.digital.rema1000.dk/60132/1-small-nDPWQzBqWa.webp", "medium": "https://rema-product-images.digital.rema1000.dk/60132/1-medium-nDPWQzBqWa.webp", "large": "https://rema-product-images.digital.rema1000.dk/60132/1-large-nDPWQzBqWa.webp"}], "prices": [{"price": 15, "price_over_max_quantity": null, "max_quantity": null, "is_advertised": false, "is_campaign": false, "starting_at": "2025-07-03T00:00:00+00:00", "ending_at": "2099-12-31T00:00:00+00:00", "deposit": null, "compare_unit": "kg", "compare_unit_price": 40, "consumption_unit": null, "consumption_quantity": null}], "temperature_zone": null, "is_self_scale_item": false, "is_weight_item": false, "is_available_in_all_stores": true, "is_batch_item": false}
{"id": 60136, "name": "ØKO. SOLSIKKE", "underline": "700 GR. / KORNKAMMERET", "age_limit": null, "hazard_precaution_statements": [], "labels": [{"id": 6, "name": "Økologi", "image": "https://static-assets.digital.rema1000.dk/product/labels/6-64.webp"}], "description": null, "info": "", "images": [{"small": "https://rema-product-images.digital.rema1000.dk/60136/1-small-7doLkwNP6r.webp", "medium": "https://rema-product-images.digital.rema1000.dk/60136/1-medium-7doLkwNP6r.webp", "large": "https://rema-product-images.digital.rema1000.dk/60136/1-large-7doLkwNP6r.webp"}], "prices": [{"price": 22.5, "price_over_max_quantity": null, "max_quantity": null, "is_advertised": false, "is_campaign": false, "starting_at": "2025-07-03T00:00:00+00:00", "ending_at": "2025-09-13T00:00:00+00:00", "deposit": null, "compare_unit": "kg", "compare_unit_price": 32.14, "consumption_unit": null, "consumption_quantity": null}], "temperature_zone": null, "is_self_scale_item": false, "is_weight_item": false, "is_available_in_all_stores": true, "is_batch_item": false}
{"id": 60141, "name": "CAFE SANDWICH", "underline": "380 GR. / KOHBERG PROTEIN", "age_limit": null, "hazard_precaution_statements": [], "labels": [{"id": 40, "name": "Nøglehul", "image": "https://static-assets.digital.rema1000.dk/product/labels/40-64.webp"}, {"id": 43, "name": "Fuldkorn", "image": "https://static-assets.digital.rema1000.dk/product/labels/43-64.webp"}], "description": null, "info": "", "images": [{"small": "https://rema-product-images.digital.rema1000.dk/60141/1-small-we9EE3R9gp.webp", "medium": "https://rema-product-images.digital.rema1000.dk/60141/1-medium-we9EE3R9gp.webp", "large": "https://rema-product-images.digital.rema1000.dk/60141/1-large-we9EE3R9gp.webp"}], "prices": [{"price": 21.95, "price_over_max_quantity": null, "max_quantity": null, "is_advertised": false, "is_campaign": false, "starting_at": "2025-02-27T00:00:00+00:00", "ending_at": "2025-08-23T00:00:00+00:00", "deposit": null, "compare_unit": "kg", "compare_unit_price": 57.76, "consumption_unit": null, "consumption_quantity": null}], "temperature_zone": null, "is_self_scale_item": false, "is_weight_item": false, "is_available_in_all_stores": true, "is_batch_item": false}
{"id": 60165, "name": "NAANBRØD", "underline": "260 GR. / REMA 1000", "age_limit": null, "hazard_precaution_statements": [], "labels": [{"id": 2, "name": "REMA1000", "image": "https://static-assets.digital.rema1000.dk/product/labels/2-64.webp"}], "description": null, "info": "", "images": [{"small": "https://rema-product-images.digital.rema1000.dk/60165/1-small-bJ9YwzZoL5.webp", "medium": "https://rema-product-images.digital.rema1000.dk/60165/1-medium-bJ9YwzZoL5.webp", "large": "https://rema-product-images.digital.rema1000.dk/60165/1-large-bJ9YwzZoL5.webp"}], "prices": [{"price": 12, "price_over_max_quantity": null, "max_quantity": null, "is_advertised": false, "is_campaign": false, "starting_at": "2024-10-18T00:00:00+00:00", "ending_at": "2099-12-31T00:00:00+00:00", "deposit": null, "compare_unit": "kg", "compare_unit_price": 46.15, "consumption_unit": null, "consumption_quantity": null}], "temperature_zone": null, "is_self_scale_item": false, "is_weight_item": false, "is_available_in_all_stores": true, "is_batch_item": false}
{"id": 60308, "name": "CIABATTA", "underline": "300 GR. / REMA 1000", "age_limit": null, "hazard_precaution_statements": [], "labels": [{"id": 2, "name": "REMA1000", "image": "https://static-assets.digital.rema1000.dk/product/labels/2-64.webp"}], "description": null, "info": "", "images": [{"small": "https://rema-product-images.digital.rema1000.dk/60308/1-small-NpP7a6lqOl.webp", "medium": "https://rema-product-images.digital.rema1000.dk/60308/1-medium-NpP7a6lqOl.webp", "large": "https://rema-product-images.digital.rema1000.dk/60308/1-large-NpP7a6lqOl.webp"}], "prices": [{"price": 6.95, "price_over_max_quantity": null, "max_quantity": null, "is_advertised": false, "is_campaign": false, "starting_at": "2022-12-01T00:00:00+00:00", "ending_at": "2099-12-31T00:00:00+00:00", "deposit": null, "compare_unit": "kg", "compare_unit_price": 23.17, "consumption_unit": null, "consumption_quantity": null}], "temperature_zone": null, "is_self_scale_item": false, "is_weight_item": false, "is_available_in_all_stores": true, "is_batch_item": false}
{"id": 60309, "name": "FLUTES", "underline": "300 GR. / REMA 1000", "age_limit": null, "hazard_precaution_statements": [], "labels": [{"id": 2, "name": "REMA1000", "image": "https://static-assets.digital.rema1000.dk/product/labels/2-64.webp"}], "description": null, "info": "", "images": [{"small": "https://rema-product-images.digital.rema1000.dk/60309/1-small-aboKkQnopM.webp", "medium": "https://rema-product-images.digital.rema1000.dk/60309/1-medium-aboKkQnopM.webp", "large": "https://rema-product-images.digital.rema1000.dk/60309/1-large-aboKkQnopM.webp"}], "prices": [{"price": 6.5, "price_over_max_quantity": null, "max_quantity": null, "is_advertised": false, "is_campaign": false, "starting_at": "2023-01-05T00:00:00+00:00", "ending_at": "2099-12-31T00:00:00+00:00", "deposit": null, "compare_unit": "kg", "compare_unit_price": 21.67, "consumption_unit": null, "consumption_quantity": null}], "temperature_zone": null, "is_self_scale_item": false, "is_weight_item": false, "is_available_in_all_stores": true, "is_batch_item": false}
{"id": 60508, "name": "SKOVMANDSBRØD", "underline": "500 GR. / SCHULSTAD", "age_limit": null, "hazard_precaution_statements": [], "labels": [{"id": 40, "name": "Nøglehul", "image": "https://static-assets.digital.rema1000.dk/product/labels/40-64.webp"}, {"id": 43, "name": "Fuldkorn", "image": "https://static-assets.digital.rema1000.dk/product/labels/43-64.webp"}], "description": null, "info": "", "images": [{"small": "https://rema-product-images.digital.rema1000.dk/60508/1-small-NpP7a4DqOl.webp", "medium": "https://rema-product-images.digital.rema1000.dk/60508/1-medium-NpP7a4DqOl.webp", "large": "https://rema-product-images.digital.rema1000.dk/60508/1-large-NpP7a4DqOl.webp"}], "prices": [{"price": 13.5, "price_over_max_quantity": null, "max_quantity": null, "is_advertised": false, "is_campaign": false, "starting_at": "2025-07-03T00:00:00+00:00", "ending_at": "2099-12-31T00:00:00+00:00", "deposit": null, "compare_unit": "kg", "compare_unit_price": 27, "consumption_unit": null, "consumption_quantity": null}], "temperature_zone": null, "is_self_scale_item": false, "is_weight_item": false, "is_available_in_all_stores": true, "is_batch_item": false}
{"id": 60601, "name": "GULERODSRUGBRØD", "underline": "925 GR. / DET GODE", "age_limit": null, "hazard_precaution_statements": [], "labels": [{"id": 40, "name": "Nøglehul", "image": "https://static-assets.digital.rema1000.dk/product/labels/40-64.webp"}, {"id": 43, "name": "Fuldkorn", "image": "https://static-assets.digital.rema1000.dk/product/labels/43-64.webp"}], "description": null, "info": "", "images": [{"small": "https://rema-product-images.digital.rema1000.dk/60601/1-small-ElPBknnokG.webp", "medium": "https://rema-product-images.digital.rema1000.dk/60601/1-medium-ElPBknnokG.webp", "large": "https://rema-product-images.digital.rema1000.dk/60601/1-large-ElPBknnokG.webp"}], "prices": [{"price": 25.95, "price_over_max_quantity": null, "max_quantity": null, "is_advertised": false, "is_campaign": false, "starting_at": "2025-07-03T00:00:00+00:00", "ending_at": "2025-08-30T00:00:00+00:00", "deposit": null, "compare_unit": "kg", "compare_unit_price": 28.05, "consumption_unit": null, "consumption_quantity": null}], "temperature_zone": null, "is_self_scale_item": false, "is_weight_item": false, "is_available_in_all_stores": true, "is_batch_item": false}
{"id": 60640, "name": "GROV CAFESANDWICH", "underline": "400 GR. / KOHBERG", "age_limit": null, "hazard_precaution_statements": [], "labels": [], "description": null, "info": "", "images": [{"small": "https://rema-product-images.digital.rema1000.dk/60640/1-small-rQqQN0K9ea.webp", "medium": "https://rema-product-images.digital.rema1000.dk/60640/1-medium-rQqQN0K9ea.webp", "large": "https://rema-product-images.digital.rema1000.dk/60640/1-large-rQqQN0K9ea.webp"}], "prices": [{"price": 21.95, "price_over_max_quantity": null, "max_quantity": null, "is_advertised": false, "is_campaign": false, "starting_at": "2023-07-20T00:00:00+00:00", "ending_at": "2025-08-23T00:00:00+00:00", "deposit": null, "compare_unit": "kg", "compare_unit_price": 54.88, "consumption_unit": null, "consumption_quantity": null}], "temperature_zone": null, "is_self_scale_item": false, "is_weight_item": false, "is_available_in_all_stores": true, "is_batch_item": false}
{"id": 60650, "name": "BALANCE BRØD", "underline": "675 GR. / KOHBERG", "age_limit": null, "hazard_precaution_statements": [], "labels": [{"id": 40, "name": "Nøglehul", "image": "https://static-assets.digital.rema1000.dk/product/labels/40-64.webp"}, {"id": 43, "name": "Fuldkorn", "image": "https://static-assets.digital.rema1000.dk/product/labels/43-64.webp"}], "description": null, "info": "", "images": [{"small": "https://rema-product-images.digital.rema1000.dk/60650/1-small-vVor1BJP3z.webp", "medium": "https://rema-product-images.digital.rema1000.dk/60650/1-medium-vVor1BJP3z.webp", "large": "https://rema-product-images.digital.rema1000.dk/60650/1-large-vVor1BJP3z.webp"}], "prices": [{"price": 22, "price_over_max_quantity": null, "max_quantity": null, "is_advertised": false, "is_campaign": false, "starting_at": "2024-01-08T00:00:00+00:00", "ending_at": "2025-08-23T00:00:00+00:00", "deposit": null, "compare_unit": "kg", "compare_unit_price": 32.59, "consumption_unit": null, "consumption_quantity": null}], "temperature_zone": null, "is_self_scale_item": false, "is_weight_item": false, "is_available_in_all_stores": true, "is_batch_item": false}
{"id": 60738, "name": "PROTEINBRØD", "underline": "600 GR. / KOHBERG", "age_limit": null, "hazard_precaution_statements": [], "labels": [{"id": 40, "name": "Nøglehul", "image": "https://static-assets.digital.rema1000.dk/product/labels/40-64.webp"}], "description": null, "info": "", "images": [{"small": "https://rema-product-images.digital.rema1000.dk/60738/1-small-MBoNkYbqvA.webp", "medium": "https://rema-product-images.digital.rema1000.dk/60738/1-medium-MBoNkYbqvA.webp", "large": "https://rema-product-images.digital.rema1000.dk/60738/1-large-MBoNkYbqvA.webp"}], "prices": [{"price": 25.95, "price_over_max_quantity": null, "max_quantity": null, "is_advertised": false, "is_campaign": false, "starting_at": "2023-01-05T00:00:00+00:00", "ending_at": "2025-08-23T00:00:00+00:00", "deposit": null, "compare_unit": "kg", "compare_unit_price": 43.25, "consumption_unit": null, "consumption_quantity": null}], "temperature_zone": null, "is_self_scale_item": false, "is_weight_item": false, "is_available_in_all_stores": true, "is_batch_item": false}
{"id": 60744, "name": "HERKULES", "underline": "1000 GR. / KOHBERG", "age_limit": null, "hazard_precaution_statements": [], "labels": [{"id": 40, "name": "Nøglehul", "image": "https://static-assets.digital.rema1000.dk/product/labels/40-64.webp"}, {"id": 43, "name": "Fuldkorn", "image": "https://static-assets.digital.rema1000.dk/product/labels/43-64.webp"}], "description": null, "info": "", "images": [{"small": "https://rema-product-images.digital.rema1000.dk/60744/1-small-xePwDveow8.webp", "medium": "https://rema-product-images.digital.rema1000.dk/60744/1-medium-xePwDveow8.webp", "large": "https://rema-product-images.digital.rema1000.dk/60744/1-large-xePwDveow8.webp"}], "prices": [{"price": 21.95, "price_over_max_quantity": null, "max_quantity": null, "is_advertised": false, "is_campaign": false, "starting_at": "2024-02-15T00:00:00+00:00", "ending_at": "2025-08-23T00:00:00+00:00", "deposit": null, "compare_unit": "kg", "compare_unit_price": 21.95, "consumption_unit": null, "consumption_quantity": null}], "temperature_zone": null, "is_self_scale_item": false, "is_weight_item": false, "is_available_in_all_stores": true, "is_batch_item": false}
{"id": 610011, "name": "KNAPCELLEBATTERI", "underline": "10 STK. / AG3/LR41", "age_limit": null, "hazard_precaution_statements": [], "labels": [{"id": 2, "name": "REMA1000", "image": "https://static-assets.digital.rema1000.dk/product/labels/2-64.webp"}], "description": null, "info": "", "images": [{"small": "https://rema-product-images.digital.rema1000.dk/610011/1-small-A5qVllypPa.webp", "medium": "https://rema-product-images.digital.rema1000.dk/610011/1-medium-A5qVllypPa.webp", "large": "https://rema-product-images.digital.rema1000.dk/610011/1-large-A5qVllypPa.webp"}], "prices": [{"price": 20, "price_over_max_quantity": null, "max_quantity": null, "is_advertised": false, "is_campaign": false, "starting_at": "2024-03-25T00:00:00+00:00", "ending_at": "2025-09-13T00:00:00+00:00", "deposit": null, "compare_unit": "stk", "compare_unit_price": 2, "consumption_unit": null, "consumption_quantity": null}], "temperature_zone": null, "is_self_scale_item": false, "is_weight_item": false, "is_available_in_all_stores": true, "is_batch_item": false}
{"id": 610383, "name": "SIKRING D01", "underline": "5 STK. / 10 AMPERE", "age_limit": null, "hazard_precaution_statements": [], "labels": [], "description": null, "info": "", "images": [{"small": "https://rema-product-images.digital.rema1000.dk/610383/1-small-zOPl004JPR.webp", "medium": "https://rema-product-images.digital.rema1000.dk/610383/1-medium-zOPl004JPR.webp", "large": "https://rema-product-images.digital.rema1000.dk/610383/1-large-zOPl004JPR.webp"}], "prices": [{"price": 17.95, "price_over_max_quantity": null, "max_quantity": null, "is_advertised": false, "is_campaign": false, "starting_at": "2023-12-06T00:00:00+00:00", "ending_at": "2099-12-31T00:00:00+00:00", "deposit": null, "compare_unit": "stk", "compare_unit_price": 3.59, "consumption_unit": null, "consumption_quantity": null}], "temperature_zone": null, "is_self_scale_item": false, "is_weight_item": false, "is_available_in_all_stores": true, "is_batch_item": false}
{"id": 61117, "name": "RUGBRØD", "underline": "600 GR. / BAGERENS BEDSTE", "age_limit": null, "hazard_precaution_statements": [], "labels": [], "description": null, "info": "", "images": [{"small": "https://rema-product-images.digital.rema1000.dk/61117/1-small-Z8qpZmlP3N.webp", "medium": "https://rema-product-images.digital.rema1000.dk/61117/1-medium-Z8qpZmlP3N.webp", "large": "https://rema-product-images.digital.rema1000.dk/61117/1-large-Z8qpZmlP3N.webp"}], "prices": [{"price": 20.95, "price_over_max_quantity": null, "max_quantity": null, "is_advertised": false, "is_campaign": false, "starting_at": "2024-02-15T00:00:00+00:00", "ending_at": "2025-08-23T00:00:00+00:00", "deposit": null, "compare_unit": "kg", "compare_unit_price": 34.92, "consumption_unit": null, "consumption_quantity": null}], "temperature_zone": null, "is_self_scale_item": false, "is_weight_item": false, "is_available_in_all_stores": true, "is_batch_item": false}
{"id": 611200, "name": "AA BATTERIER", "underline": "10 STK. / REMA 1000", "age_limit": null, "hazard_precaution_statements": [], "labels": [{"id": 2, "name": "REMA1000", "image": "https://static-assets.digital.rema1000.dk/product/labels/2-64.webp"}], "description": null, "info": "", "images": [{"small": "https://rema-product-images.digital.rema1000.dk/611200/1-small-xePwnnNO9w.webp", "medium": "https://rema-product-images.digital.rema1000.dk/611200/1-medium-xePwnnNO9w.webp", "large": "https://rema-product-images.digital.rema1000.dk/611200/1-large-xePwnnNO9w.webp"}], "prices": [{"price": 23.95, "price_over_max_quantity": null, "max_quantity": null, "is_advertised": false, "is_campaign": false, "starting_at": "2022-09-15T00:00:00+00:00", "ending_at": "2025-09-13T00:00:00+00:00", "deposit": null, "compare_unit": "stk", "compare_unit_price": 2.4, "consumption_unit": null, "consumption_quantity": null}], "temperature_zone": null, "is_self_scale_item": false, "is_weight_item": false, "is_available_in_all_stores": true, "is_batch_item": false}
{"id": 611201, "name": "AAA BATTERIER", "underline": "10 STK. / REMA 1000", "age_limit": null, "hazard_precaution_statements": [], "labels": [{"id": 2, "name": "REMA1000", "image": "https://static-assets.digital.rema1000.dk/product/labels/2-64.webp"}], "description": null, "info": "", "images": [{"small": "https://rema-product-images.digital.rema1000.dk/611201/1-small-ElPBppmWqk.webp", "medium": "https://rema-product-images.digital.rema1000.dk/611201/1-medium-ElPBppmWqk.webp", "large": "https://rema-product-images.digital.rema1000.dk/611201/1-large-ElPBppmWqk.webp"}], "prices": [{"price": 21.95, "price_over_max_quantity": null, "max_quantity": null, "is_advertised": false, "is_campaign": false, "starting_at": "2022-10-27T00:00:00+00:00", "ending_at": "2025-09-13T00:00:00+00:00", "deposit": null, "compare_unit": "stk", "compare_unit_price": 2.2, "consumption_unit": null, "consumption_quantity": null}], "temperature_zone": null, "is_self_scale_item": false, "is_weight_item": false, "is_available_in_all_stores": true, "is_batch_item": false}
{"id": 611204, "name": "C BATTERIER", "underline": "2 STK. / REMA 1000", "age_limit": null, "hazard_precaution_statements": [], "labels": [{"id": 2, "name": "REMA1000", "image": "https://static-assets.digital.rema1000.dk/product/labels/2-64.webp"}], "description": null, "info": "", "images": [{"small": "https://rema-product-images.digital.rema1000.dk/611204/1-small-OJq5EE3zqp.webp", "medium": "https://rema-product-images.digital.rema1000.dk/611204/1-medium-OJq5EE3zqp.webp", "large": "https://rema-product-images.digital.rema1000.dk/611204/1-large-OJq5EE3zqp.webp"}], "prices": [{"price": 20, "price_over_max_quantity": null, "max_quantity": null, "is_advertised": false, "is_campaign": false, "starting_at": "2014-05-13T00:00:00+00:00", "ending_at": "2099-12-31T00:00:00+00:00", "deposit": null, "compare_unit": "stk", "compare_unit_price": 10, "consumption_unit": null, "consumption_quantity": null}], "temperature_zone": null, "is_self_scale_item": false, "is_weight_item": false, "is_available_in_all_stores": true, "is_batch_item": false}
{"id": 611205, "name": "9V BATTERI", "underline": "1 STK. / REMA 1000", "age_limit": null, "hazard_precaution_statements": [], "labels": [{"id": 2, "name": "REMA1000", "image": "https://static-assets.digital.rema1000.dk/product/labels/2-64.webp"}], "description": null, "info": "", "images": [{"small": "https://rema-product-images.digital.rema1000.dk/611205/1-small-xQq8kkxgoZ.webp", "medium": "https://rema-product-images.digital.rema1000.dk/611205/1-medium-xQq8kkxgoZ.webp", "large": "https://rema-product-images.digital.rema1000.dk/611205/1-large-xQq8kkxgoZ.webp"}], "prices": [{"price": 11.95, "price_over_max_quantity": null, "max_quantity": null, "is_advertised": false, "is_campaign": false, "starting_at": "2022-09-15T00:00:00+00:00", "ending_at": "2099-12-31T00:00:00+00:00", "deposit": null, "compare_unit": "stk", "compare_unit_price": 11.95, "consumption_unit": null, "consumption_quantity": null}], "temperature_zone": null, "is_self_scale_item": false, "is_weight_item": false, "is_available_in_all_stores": true, "is_batch_item": false}
{"id": 61200, "name": "SCHWARZBRØD", "underline": "560 GR. / REMA 1000", "age_limit": null, "hazard_precaution_statements": [], "labels": [{"id": 2, "name": "REMA1000", "image": "https://static-assets.digital.rema1000.dk/product/labels/2-64.webp"}, {"id": 40, "name": "Nøglehul", "image": "https://static-assets.digital.rema1000.dk/product/labels/40-64.webp"}, {"id": 43, "name": "Fuldkorn", "image": "https://static-assets.digital.rema1000.dk/product/labels/43-64.webp"}], "description": null, "info": "", "images": [{"small": "https://rema-product-images.digital.rema1000.dk/61200/1-small-xePwD6Oow8.webp", "medium": "https://rema-product-images.digital.rema1000.dk/61200/1-medium-xePwD6Oow8.webp", "large": "https://rema-product-images.digital.rema1000.dk/61200/1-large-xePwD6Oow8.webp"}], "prices": [{"price": 8, "price_over_max_quantity": null, "max_quantity": null, "is_advertised": false, "is_campaign": false, "starting_at": "2024-11-28T00:00:00+00:00", "ending_at": "2099-12-31T00:00:00+00:00", "deposit": null, "compare_unit": "kg", "compare_unit_price": 14.29, "consumption_unit": null, "consumption_quantity": null}], "temperature_zone": null, "is_self_scale_item": false, "is_weight_item": false, "is_available_in_all_stores": true, "is_batch_item": false}
{"id": 61205, "name": "FULDK.RUGBRØD", "underline": "500 GR. / REMA 1000", "age_limit": null, "hazard_precaution_statements": [], "labels": [{"id": 2, "name": "REMA1000", "image": "https://static-assets.digital.rema1000.dk/product/labels/2-64.webp"}, {"id": 40, "name": "Nøglehul", "image": "https://static-assets.digital.rema1000.dk/product/labels/40-64.webp"}, {"id": 43, "name": "Fuldkorn", "image": "https://static-assets.digital.rema1000.dk/product/labels/43-64.webp"}], "description": null, "info": "", "images": [{"small": "https://rema-product-images.digital.rema1000.dk/61205/1-small-xQq8xwgqZd.webp", "medium": "https://rema-product-images.digital.rema1000.dk/61205/1-medium-xQq8xwgqZd.webp", "large": "https://rema-product-images.digital.rema1000.dk/61205/1-large-xQq8xwgqZd.webp"}], "prices": [{"price": 7.75, "price_over_max_quantity": null, "max_quantity": null, "is_advertised": false, "is_campaign": false, "starting_at": "2024-09-26T00:00:00+00:00", "ending_at": "2099-12-31T00:00:00+00:00", "deposit": null, "compare_unit": "kg", "compare_unit_price": 15.5, "consumption_unit": null, "consumption_quantity": null}], "temperature_zone": null, "is_self_scale_item": false, "is_weight_item": false, "is_available_in_all_stores": true, "is_batch_item": false}
{"id": 61206, "name": "MØRKT RUGBRØD", "underline": "500 GR. / REMA 1000", "age_limit": null, "hazard_precaution_statements": [], "labels": [{"id": 2, "name": "REMA1000", "image": "https://static-assets.digital.rema1000.dk/product/labels/2-64.webp"}, {"id": 40, "name": "Nøglehul", "image": "https://static-assets.digital.rema1000.dk/product/labels/40-64.webp"}, {"id": 43, "name": "Fuldkorn", "image": "https://static-assets.digital.rema1000.dk/product/labels/43-64.webp"}], "description": null, "info": "", "images": [{"small": "https://rema-product-images.digital.rema1000.dk/61206/1-small-vVor1LQP3z.webp", "medium": "https://rema-product-images.digital.rema1000.dk/61206/1-medium-vVor1LQP3z.webp", "large": "https://rema-product-images.digital.rema1000.dk/61206/1-large-vVor1LQP3z.webp"}], "prices": [{"price": 5.75, "price_over_max_quantity": null, "max_quantity": null, "is_advertised": false, "is_campaign": false, "starting_at": "2024-01-04T00:00:00+00:00", "ending_at": "2099-12-31T00:00:00+00:00", "deposit": null, "compare_unit": "kg", "compare_unit_price": 11.5, "consumption_unit": null, "consumption_quantity": null}], "temperature_zone": null, "is_self_scale_item": false, "is_weight_item": false, "is_available_in_all_stores": true, "is_batch_item": false}
{"id": 61208, "name": "CIABATTASTYKKER", "underline": "420 GR. / REMA 1000", "age_limit": null, "hazard_precaution_statements": [], "labels": [{"id": 2, "name": "REMA1000", "image": "https://static-assets.digital.rema1000.dk/product/labels/2-64.webp"}], "description": null, "info": "", "images": [{"small": "https://rema-product-images.digital.rema1000.dk/61208/1-small-NpP7a30qOl.webp", "medium": "https://rema-product-images.digital.rema1000.dk/61208/1-medium-NpP7a30qOl.webp", "large": "https://rema-product-images.digital.rema1000.dk/61208/1-large-NpP7a30qOl.webp"}], "prices": [{"price": 14.5, "price_over_max_quantity": null, "max_quantity": null, "is_advertised": false, "is_campaign": false, "starting_at": "2023-07-06T00:00:00+00:00", "ending_at": "2099-12-31T00:00:00+00:00", "deposit": null, "compare_unit": "kg", "compare_unit_price": 34.52, "consumption_unit": null, "consumption_quantity": null}], "temperature_zone": null, "is_self_scale_item": false, "is_weight_item": false, "is_available_in_all_stores": true, "is_batch_item": false}
{"id": 61210, "name": "SOFTKERNERUGBRØD", "underline": "1000 GR. / REMA 1000", "age_limit": null, "hazard_precaution_statements": [], "labels": [{"id": 2, "name": "REMA1000", "image": "https://static-assets.digital.rema1000.dk/product/labels/2-64.webp"}, {"id": 40, "name": "Nøglehul", "image": "https://static-assets.digital.rema1000.dk/product/labels/40-64.webp"}, {"id": 43, "name": "Fuldkorn", "image": "https://static-assets.digital.rema1000.dk/product/labels/43-64.webp"}], "description": null, "info": "", "images": [{"small": "https://rema-product-images.digital.rema1000.dk/61210/1-small-Al90Y6DP8w.webp", "medium": "https://rema-product-images.digital.rema1000.dk/61210/1-medium-Al90Y6DP8w.webp", "large": "https://rema-product-images.digital.rema1000.dk/61210/1-large-Al90Y6DP8w.webp"}], "prices": [{"price": 18, "price_over_max_quantity": null, "max_quantity": null, "is_advertised": false, "is_campaign": false, "starting_at": "2023-10-05T00:00:00+00:00", "ending_at": "2099-12-31T00:00:00+00:00", "deposit": null, "compare_unit": "kg", "compare_unit_price": 18, "consumption_unit": null, "consumption_quantity": null}], "temperature_zone": null, "is_self_scale_item": false, "is_weight_item": false, "is_available_in_all_stores": true, "is_batch_item": false}
{"id": 61211, "name": "GROFT RUGBRØD", "underline": "1120 GR. / REMA 1000", "age_limit": null, "hazard_precaution_statements": [], "labels": [{"id": 2, "name": "REMA1000", "image": "https://static-assets.digital.rema1000.dk/product/labels/2-64.webp"}, {"id": 40, "name": "Nøglehul", "image": "https://static-assets.digital.rema1000.dk/product/labels/40-64.webp"}, {"id": 43, "name": "Fuldkorn", "image": "https://static-assets.digital.rema1000.dk/product/labels/43-64.webp"}], "description": null, "info": "", "images": [{"small": "https://rema-product-images.digital.rema1000.dk/61211/1-small-A5qVkMl9aQ.webp", "medium": "https://rema-product-images.digital.rema1000.dk/61211/1-medium-A5qVkMl9aQ.webp", "large": "https://rema-product-images.digital.rema1000.dk/61211/1-large-A5qVkMl9aQ.webp"}], "prices": [{"price": 18, "price_over_max_quantity": null, "max_quantity": null, "is_advertised": false, "is_campaign": false, "starting_at": "2025-02-20T00:00:00+00:00", "ending_at": "2099-12-31T00:00:00+00:00", "deposit": null, "compare_unit": "kg", "compare_unit_price": 16.07, "consumption_unit": null, "consumption_quantity": null}], "temperature_zone": null, "is_self_scale_item": false, "is_weight_item": false, "is_available_in_all_stores": true, "is_batch_item": false}
{"id": 612129, "name": "DOBBELTSTIK SORT", "underline": "1 STK. / UDEN JORD", "age_limit": null, "hazard_precaution_statements": [], "labels": [], "description": null, "info": "", "images": [{"small": "https://rema-product-images.digital.rema1000.dk/612129/1-small-pYqxMQQn91.webp", "medium": "https://rema-product-images.digital.rema1000.dk/612129/1-medium-pYqxMQQn91.webp", "large": "https://rema-product-images.digital.rema1000.dk/612129/1-large-pYqxMQQn91.webp"}], "prices": [{"price": 15.95, "price_over_max_quantity": null, "max_quantity": null, "is_advertised": false, "is_campaign": false, "starting_at": "2024-11-20T00:00:00+00:00", "ending_at": "2099-12-31T00:00:00+00:00", "deposit": null, "compare_unit": "stk", "compare_unit_price": 15.95, "consumption_unit": null, "consumption_quantity": null}], "temperature_zone": null, "is_self_scale_item": false, "is_weight_item": false, "is_available_in_all_stores": true, "is_batch_item": false}
{"id": 612130, "name": "DOBBELTSTIK", "underline": "1 STK. / HVID", "age_limit": null, "hazard_precaution_statements": [], "labels": [], "description": null, "info": "", "images": [{"small": "https://rema-product-images.digital.rema1000.dk/612130/1-small-869Dwnn6qM.webp", "medium": "https://rema-product-images.digital.rema1000.dk/612130/1-medium-869Dwnn6qM.webp", "large": "https://rema-product-images.digital.rema1000.dk/612130/1-large-869Dwnn6qM.webp"}], "prices": [{"price": 15.95, "price_over_max_quantity": null, "max_quantity": null, "is_advertised": false, "is_campaign": false, "starting_at": "2021-03-03T00:00:00+00:00", "ending_at": "2099-12-31T00:00:00+00:00", "deposit": null, "compare_unit": "stk", "compare_unit_price": 15.95, "consumption_unit": null, "consumption_quantity": null}], "temperature_zone": null, "is_self_scale_item": false, "is_weight_item": false, "is_available_in_all_stores": true, "is_batch_item": false}
{"id": 612132, "name": "FORLÆNGERLEDNING", "underline": "1 STK. / 5 M, UDEN JORD, HVID", "age_limit": null, "hazard_precaution_statements": [], "labels": [], "description": null, "info": "", "images": [{"small": "https://rema-product-images.digital.rema1000.dk/612132/1-small-nDPW7GGVPW.webp", "medium": "https://rema-product-images.digital.rema1000.dk/612132/1-medium-nDPW7GGVPW.webp", "large": "https://rema-product-images.digital.rema1000.dk/612132/1-large-nDPW7GGVPW.webp"}], "prices": [{"price": 39.95, "price_over_max_quantity": null, "max_quantity": null, "is_advertised": false, "is_campaign": false, "starting_at": "2021-03-03T00:00:00+00:00", "ending_at": "2099-12-31T00:00:00+00:00", "deposit": null, "compare_unit": "stk", "compare_unit_price": 39.95, "consumption_unit": null, "consumption_quantity": null}], "temperature_zone": null, "is_self_scale_item": false, "is_weight_item": false, "is_available_in_all_stores": true, "is_batch_item": false}
{"id": 612134, "name": "3-STIKDÅSE", "underline": "1 STK. / M/DUMMYHUL HVID", "age_limit": null, "hazard_precaution_statements": [], "labels": [], "description": "1,5 mtr ledning", "info": "", "images": [{"small": "https://rema-product-images.digital.rema1000.dk/612134/1-small-yLqGM885Pd.webp", "medium": "https://rema-product-images.digital.rema1000.dk/612134/1-medium-yLqGM885Pd.webp", "large": "https://rema-product-images.digital.rema1000.dk/612134/1-large-yLqGM885Pd.webp"}], "prices": [{"price": 36.95, "price_over_max_quantity": null, "max_quantity": null, "is_advertised": false, "is_campaign": false, "starting_at": "2022-09-22T00:00:00+00:00", "ending_at": "2099-12-31T00:00:00+00:00", "deposit": null, "compare_unit": "stk", "compare_unit_price": 36.95, "consumption_unit": null, "consumption_quantity": null}], "temperature_zone": null, "is_self_scale_item": false, "is_weight_item": false, "is_available_in_all_stores": true, "is_batch_item": false}
{"id": 612136, "name": "LEDNING", "underline": "10 MTR. / FLAD HVID", "age_limit": null, "hazard_precaution_statements": [], "labels": [], "description": null, "info": "", "images": [{"small": "https://rema-product-images.digital.rema1000.dk/612136/1-small-7doLQKKKq6.webp", "medium": "https://rema-product-images.digital.rema1000.dk/612136/1-medium-7doLQKKKq6.webp", "large": "https://rema-product-images.digital.rema1000.dk/612136/1-large-7doLQKKKq6.webp"}], "prices": [{"price": 49.95, "price_over_max_quantity": null, "max_quantity": null, "is_advertised": false, "is_campaign": false, "starting_at": "2022-08-26T00:00:00+00:00", "ending_at": "2099-12-31T00:00:00+00:00", "deposit": null, "compare_unit": "mtr", "compare_unit_price": 5, "consumption_unit": null, "consumption_quantity": null}], "temperature_zone": null, "is_self_scale_item": false, "is_weight_item": false, "is_available_in_all_stores": true, "is_batch_item": false}
{"id": 61240, "name": "BONDEBRØD", "underline": "400 GR. / REMA 1000", "age_limit": null, "hazard_precaution_statements": [], "labels": [{"id": 2, "name": "REMA1000", "image": "https://static-assets.digital.rema1000.dk/product/labels/2-64.webp"}], "description": null, "info": "", "images": [{"small": "https://rema-product-images.digital.rema1000.dk/61240/1-small-rQqQN1B9ea.webp", "medium": "https://rema-product-images.digital.rema1000.dk/61240/1-medium-rQqQN1B9ea.webp", "large": "https://rema-product-images.digital.rema1000.dk/61240/1-large-rQqQN1B9ea.webp"}], "prices": [{"price": 6.95, "price_over_max_quantity": null, "max_quantity": null, "is_advertised": false, "is_campaign": false, "starting_at": "2024-01-04T00:00:00+00:00", "ending_at": "2099-12-31T00:00:00+00:00", "deposit": null, "compare_unit": "kg", "compare_unit_price": 17.38, "consumption_unit": null, "consumption_quantity": null}], "temperature_zone": null, "is_self_scale_item": false, "is_weight_item": false, "is_available_in_all_stores": true, "is_batch_item": false}
{"id": 61242, "name": "FULDK. RUGBRØD", "underline": "600 GR. / GRAM SLOT", "age_limit": null, "hazard_precaution_statements": [], "labels": [{"id": 5, "name": "Økologi", "image": "https://static-assets.digital.rema1000.dk/product/labels/5-64.webp"}, {"id": 6, "name": "Økologi", "image": "https://static-assets.digital.rema1000.dk/product/labels/6-64.webp"}, {"id": 39, "name": "Gram slot", "image": "https://static-assets.digital.rema1000.dk/product/labels/39-64.webp"}, {"id": 40, "name": "Nøglehul", "image": "https://static-assets.digital.rema1000.dk/product/labels/40-64.webp"}, {"id": 43, "name": "Fuldkorn", "image": "https://static-assets.digital.rema1000.dk/product/labels/43-64.webp"}], "description": "<br /> REMA 1000 er medejer af et af Danmarks største økologiske landbrug, Gram Slot, som dagligt leverer bl.a. økologisk mælk, kartofler, mel og havregryn til REMA 1000s butikker. På Gram Slot er dyrevelfærd i højsædet, ligesom Jorden ved Gram Slot dyrkes med stor respekt og omtanke.<br /> <br /> Dette økologiske fuldkornsrugbrød er bagt med korn dyrket af Gram Slot (50% fuldkorn). De øvrige ingredienser er økologiske, men ikke dyrket af Gram Slot.<br /> <br />", "info": "", "images": [{"small": "https://rema-product-images.digital.rema1000.dk/61242/1-small-A4PyjWJoLV.webp", "medium": "https://rema-product-images.digital.rema1000.dk/61242/1-medium-A4PyjWJoLV.webp", "large": "https://rema-product-images.digital.rema1000.dk/61242/1-large-A4PyjWJoLV.webp"}], "prices": [{"price": 14.75, "price_over_max_quantity": null, "max_quantity": null, "is_advertised": false, "is_campaign": false, "starting_at": "2024-01-04T00:00:00+00:00", "ending_at": "2025-08-23T00:00:00+00:00", "deposit": null, "compare_unit": "kg", "compare_unit_price": 24.58, "consumption_unit": null, "consumption_quantity": null}], "temperature_zone": null, "is_self_scale_item": false, "is_weight_item": false, "is_available_in_all_stores": true, "is_batch_item": false}
{"id": 61246, "name": "MILDT RUGBRØD", "underline": "500 GR. / REMA 1000", "age_limit": null, "hazard_precaution_statements": [], "labels": [{"id": 2, "name": "REMA1000", "image": "https://static-assets.digital.rema1000.dk/product/labels/2-64.webp"}, {"id": 40, "name": "Nøglehul", "image": "https://static-assets.digital.rema1000.dk/product/labels/40-64.webp"}, {"id": 43, "name": "Fuldkorn", "image": "https://static-assets.digital.rema1000.dk/product/labels/43-64.webp"}], "description": null, "info": "", "images": [{"small": "https://rema-product-images.digital.rema1000.dk/61246/1-small-kAonYWbPx8.webp", "medium": "https://rema-product-images.digital.rema1000.dk/61246/1-medium-kAonYWbPx8.webp", "large": "https://rema-product-images.digital.rema1000.dk/61246/1-large-kAonYWbPx8.webp"}], "prices": [{"price": 10, "price_over_max_quantity": null, "max_quantity": null, "is_advertised": false, "is_campaign": false, "starting_at": "2024-07-02T00:00:00+00:00", "ending_at": "2099-12-31T00:00:00+00:00", "deposit": null, "compare_unit": "kg", "compare_unit_price": 20, "consumption_unit": null, "consumption_quantity": null}], "temperature_zone": null, "is_self_scale_item": false, "is_weight_item": false, "is_available_in_all_stores": true, "is_batch_item": false}
{"id": 61248, "name": "BOLLER ØKOLOGISK", "underline": "375 GR. / GRAM SLOT", "age_limit": null, "hazard_precaution_statements": [], "labels": [{"id": 5, "name": "Økologi", "image": "https://static-assets.digital.rema1000.dk/product/labels/5-64.webp"}, {"id": 6, "name": "Økologi", "image": "https://static-assets.digital.rema1000.dk/product/labels/6-64.webp"}, {"id": 39, "name": "Gram slot", "image": "https://static-assets.digital.rema1000.dk/product/labels/39-64.webp"}], "description": null, "info": "", "images": [{"small": "https://rema-product-images.digital.rema1000.dk/61248/1-small-OJq53lzPpr.webp", "medium": "https://rema-product-images.digital.rema1000.dk/61248/1-medium-OJq53lzPpr.webp", "large": "https://rema-product-images.digital.rema1000.dk/61248/1-large-OJq53lzPpr.webp"}], "prices": [{"price": 22, "price_over_max_quantity": null, "max_quantity": null, "is_advertised": false, "is_campaign": false, "starting_at": "2024-07-08T00:00:00+00:00", "ending_at": "2025-08-23T00:00:00+00:00", "deposit": null, "compare_unit": "kg", "compare_unit_price": 58.67, "consumption_unit": null, "consumption_quantity": null}], "temperature_zone": null, "is_self_scale_item": false, "is_weight_item": false, "is_available_in_all_stores": true, "is_batch_item": false}
{"id": 61250, "name": "BURGERBOLLER", "underline": "330 GR. / REMA 1000", "age_limit": null, "hazard_precaution_statements": [], "labels": [{"id": 9001, "name": "Avisvare", "image": "https://static-assets.digital.rema1000.dk/product/labels/9001-64.webp"}, {"id": 2, "name": "REMA1000", "image": "https://static-assets.digital.rema1000.dk/product/labels/2-64.webp"}], "description": null, "info": "", "images": [{"small": "https://rema-product-images.digital.rema1000.dk/61250/1-small-vVor1wQP3z.webp", "medium": "https://rema-product-images.digital.rema1000.dk/61250/1-medium-vVor1wQP3z.webp", "large": "https://rema-product-images.digital.rema1000.dk/61250/1-large-vVor1wQP3z.webp"}], "prices": [{"price": 10, "price_over_max_quantity": null, "max_quantity": null, "is_advertised": true, "is_campaign": true, "starting_at": "2025-08-17T00:00:00+00:00", "ending_at": "2025-08-23T00:00:00+00:00", "deposit": null, "compare_unit": "kg", "compare_unit_price": 30.3, "consumption_unit": null, "consumption_quantity": null}, {"price": 14.75, "price_over_max_quantity": null, "max_quantity": null, "is_advertised": false, "is_campaign": false, "starting_at": "2025-08-24T00:00:00+00:00", "ending_at": "2025-09-13T00:00:00+00:00", "deposit": null, "compare_unit": "kg", "compare_unit_price": 44.7, "consumption_unit": null, "consumption_quantity": null}], "temperature_zone": null, "is_self_scale_item": false, "is_weight_item": false, "is_available_in_all_stores": true, "is_batch_item": false}
{"id": 61251, "name": "STORE HOTDOGBRØD", "underline": "360 GR. / REMA 1000", "age_limit": null, "hazard_precaution_statements": [], "labels": [{"id": 9001, "name": "Avisvare", "image": "https://static-assets.digital.rema1000.dk/product/labels/9001-64.webp"}, {"id": 2, "name": "REMA1000", "image": "https://static-assets.digital.rema1000.dk/product/labels/2-64.webp"}], "description": null, "info": "", "images": [{"small": "https://rema-product-images.digital.rema1000.dk/61251/1-small-v09gvpjqAW.webp", "medium": "https://rema-product-images.digital.rema1000.dk/61251/1-medium-v09gvpjqAW.webp", "large": "https://rema-product-images.digital.rema1000.dk/61251/1-large-v09gvpjqAW.webp"}], "prices": [{"price": 10, "price_over_max_quantity": null, "max_quantity": null, "is_advertised": true, "is_campaign": true, "starting_at": "2025-08-17T00:00:00+00:00", "ending_at": "2025-08-23T00:00:00+00:00", "deposit": null, "compare_unit": "kg", "compare_unit_price": 27.78, "consumption_unit": null, "consumption_quantity": null}, {"price": 14.75, "price_over_max_quantity": null, "max_quantity": null, "is_advertised": false, "is_campaign": false, "starting_at": "2025-08-24T00:00:00+00:00", "ending_at": "2025-09-13T00:00:00+00:00", "deposit": null, "compare_unit": "kg", "compare_unit_price": 40.97, "consumption_unit": null, "consumption_quantity": null}], "temperature_zone": null, "is_self_scale_item": false, "is_weight_item": false, "is_available_in_all_stores": true, "is_batch_item": false}
{"id": 61255, "name": "PØLSEBRØD", "underline": "430 GR. / REMA 1000", "age_limit": null, "hazard_precaution_statements": [], "labels": [{"id": 9001, "name": "Avisvare", "image": "https://static-assets.digital.rema1000.dk/product/labels/9001-64.webp"}, {"id": 2, "name": "REMA1000", "image": "https://static-assets.digital.rema1000.dk/product/labels/2-64.webp"}], "description": null, "info": "", "images": [{"small": "https://rema-product-images.digital.rema1000.dk/61255/1-small-A5qVkml9aQ.webp", "medium": "https://rema-product-images.digital.rema1000.dk/61255/1-medium-A5qVkml9aQ.webp", "large": "https://rema-product-images.digital.rema1000.dk/61255/1-large-A5qVkml9aQ.webp"}], "prices": [{"price": 10, "price_over_max_quantity": null, "max_quantity": null, "is_advertised": true, "is_campaign": true, "starting_at": "2025-08-17T00:00:00+00:00", "ending_at": "2025-08-23T00:00:00+00:00", "deposit": null, "compare_unit": "kg", "compare_unit_price": 23.26, "consumption_unit": null, "consumption_quantity": null}, {"price": 14.75, "price_over_max_quantity": null, "max_quantity": null, "is_advertised": false, "is_campaign": false, "starting_at": "2025-08-24T00:00:00+00:00", "ending_at": "2025-09-13T00:00:00+00:00", "deposit": null, "compare_unit": "kg", "compare_unit_price": 34.3, "consumption_unit": null, "consumption_quantity": null}], "temperature_zone": null, "is_self_scale_item": false, "is_weight_item": false, "is_available_in_all_stores": true, "is_batch_item": false}
{"id": 61509, "name": "RUG GO SOLSIKKE", "underline": "360 GR. / SCHULSTAD DG", "age_limit": null, "hazard_precaution_statements": [], "labels": [], "description": null, "info": "", "images": [{"small": "https://rema-product-images.digital.rema1000.dk/61509/1-small-aboKkJwopM.webp", "medium": "https://rema-product-images.digital.rema1000.dk/61509/1-medium-aboKkJwopM.webp", "large": "https://rema-product-images.digital.rema1000.dk/61509/1-large-aboKkJwopM.webp"}], "prices": [{"price": 21.95, "price_over_max_quantity": null, "max_quantity": null, "is_advertised": false, "is_campaign": false, "starting_at": "2024-11-22T00:00:00+00:00", "ending_at": "2025-08-30T00:00:00+00:00", "deposit": null, "compare_unit": "kg", "compare_unit_price": 60.97, "consumption_unit": null, "consumption_quantity": null}], "temperature_zone": null, "is_self_scale_item": false, "is_weight_item": false, "is_available_in_all_stores": true, "is_batch_item": false}
{"id": 615152, "name": "D BATTERIER", "underline": "2 STK. / VARTA LONGLIFE", "age_limit": null, "hazard_precaution_statements": [], "labels": [], "description": null, "info": "", "images": [{"small": "https://rema-product-images.digital.rema1000.dk/615152/1-small-NpP7jpNN9O.webp", "medium": "https://rema-product-images.digital.rema1000.dk/615152/1-medium-NpP7jpNN9O.webp", "large": "https://rema-product-images.digital.rema1000.dk/615152/1-large-NpP7jpNN9O.webp"}], "prices": [{"price": 32.95, "price_over_max_quantity": null, "max_quantity": null, "is_advertised": false, "is_campaign": false, "starting_at": "2022-10-06T00:00:00+00:00", "ending_at": "2099-12-31T00:00:00+00:00", "deposit": null, "compare_unit": "stk", "compare_unit_price": 16.48, "consumption_unit": null, "consumption_quantity": null}], "temperature_zone": null, "is_self_scale_item": false, "is_weight_item": false, "is_available_in_all_stores": true, "is_batch_item": false}
{"id": 61523, "name": "KERNEGROVBRØD", "underline": "950 GR. / LEVEBRØD", "age_limit": null, "hazard_precaution_statements": [], "labels": [{"id": 40, "name": "Nøglehul", "image": "https://static-assets.digital.rema1000.dk/product/labels/40-64.webp"}, {"id": 43, "name": "Fuldkorn", "image": "https://static-assets.digital.rema1000.dk/product/labels/43-64.webp"}], "description": null, "info": "", "images": [{"small": "https://rema-product-images.digital.rema1000.dk/61523/1-small-MNqZBmdqA7.webp", "medium": "https://rema-product-images.digital.rema1000.dk/61523/1-medium-MNqZBmdqA7.webp", "large": "https://rema-product-images.digital.rema1000.dk/61523/1-large-MNqZBmdqA7.webp"}], "prices": [{"price": 25.5, "price_over_max_quantity": null, "max_quantity": null, "is_advertised": false, "is_campaign": false, "starting_at": "2025-07-03T00:00:00+00:00", "ending_at": "2025-09-13T00:00:00+00:00", "deposit": null, "compare_unit": "kg", "compare_unit_price": 26.84, "consumption_unit": null, "consumption_quantity": null}], "temperature_zone": null, "is_self_scale_item": false, "is_weight_item": false, "is_available_in_all_stores": true, "is_batch_item": false}
{"id": 61534, "name": "SANDWICHRUGBRØD", "underline": "810 GR. / LEVEBRØD", "age_limit": null, "hazard_precaution_statements": [], "labels": [{"id": 40, "name": "Nøglehul", "image": "https://static-assets.digital.rema1000.dk/product/labels/40-64.webp"}, {"id": 43, "name": "Fuldkorn", "image": "https://static-assets.digital.rema1000.dk/product/labels/43-64.webp"}], "description": null, "info": "", "images": [{"small": "https://rema-product-images.digital.rema1000.dk/61534/1-small-yLqGkZKqd4.webp", "medium": "https://rema-product-images.digital.rema1000.dk/61534/1-medium-yLqGkZKqd4.webp", "large": "https://rema-product-images.digital.rema1000.dk/61534/1-large-yLqGkZKqd4.webp"}], "prices": [{"price": 25.5, "price_over_max_quantity": null, "max_quantity": null, "is_advertised": false, "is_campaign": false, "starting_at": "2025-07-03T00:00:00+00:00", "ending_at": "2025-09-13T00:00:00+00:00", "deposit": null, "compare_unit": "kg", "compare_unit_price": 31.48, "consumption_unit": null, "consumption_quantity": null}], "temperature_zone": null, "is_self_scale_item": false, "is_weight_item": false, "is_available_in_all_stores": true, "is_batch_item": false}
{"id": 61541, "name": "MULTIKERNEBOLLER", "underline": "550 GR. / LEVEBRØD", "age_limit": null, "hazard_precaution_statements": [], "labels": [{"id": 40, "name": "Nøglehul", "image": "https://static-assets.digital.rema1000.dk/product/labels/40-64.webp"}, {"id": 43, "name": "Fuldkorn", "image": "https://static-assets.digital.rema1000.dk/product/labels/43-64.webp"}], "description": null, "info": "", "images": [{"small": "https://rema-product-images.digital.rema1000.dk/61541/1-small-we9EEYL9gp.webp", "medium": "https://rema-product-images.digital.rema1000.dk/61541/1-medium-we9EEYL9gp.webp", "large": "https://rema-product-images.digital.rema1000.dk/61541/1-large-we9EEYL9gp.webp"}], "prices": [{"price": 25.5, "price_over_max_quantity": null, "max_quantity": null, "is_advertised": false, "is_campaign": false, "starting_at": "2025-07-03T00:00:00+00:00", "ending_at": "2025-09-13T00:00:00+00:00", "deposit": null, "compare_unit": "kg", "compare_unit_price": 46.36, "consumption_unit": null, "consumption_quantity": null}], "temperature_zone": null, "is_self_scale_item": false, "is_weight_item": false, "is_available_in_all_stores": true, "is_batch_item": false}
{"id": 61542, "name": "MULTIK. SANDWICH", "underline": "800 GR. / LEVEBRØD", "age_limit": null, "hazard_precaution_statements": [], "labels": [{"id": 40, "name": "Nøglehul", "image": "https://static-assets.digital.rema1000.dk/product/labels/40-64.webp"}, {"id": 43, "name": "Fuldkorn", "image": "https://static-assets.digital.rema1000.dk/product/labels/43-64.webp"}], "description": null, "info": "", "images": [{"small": "https://rema-product-images.digital.rema1000.dk/61542/1-small-A4PyjLkoLV.webp", "medium": "https://rema-product-images.digital.rema1000.dk/61542/1-medium-A4PyjLkoLV.webp", "large": "https://rema-product-images.digital.rema1000.dk/61542/1-large-A4PyjLkoLV.webp"}], "prices": [{"price": 25.5, "price_over_max_quantity": null, "max_quantity": null, "is_advertised": false, "is_campaign": false, "starting_at": "2025-07-03T00:00:00+00:00", "ending_at": "2025-09-13T00:00:00+00:00", "deposit": null, "compare_unit": "kg", "compare_unit_price": 31.88, "consumption_unit": null, "consumption_quantity": null}], "temperature_zone": null, "is_self_scale_item": false, "is_weight_item": false, "is_available_in_all_stores": true, "is_batch_item": false}
{"id": 620455, "name": "MALEBOG", "underline": "1 STK. / FLERE FORSKELLIGE", "age_limit": null, "hazard_precaution_statements": [], "labels": [], "description": null, "info": "", "images": [{"small": "https://rema-product-images.digital.rema1000.dk/620455/1-small-A5qVlAxRPa.webp", "medium": "https://rema-product-images.digital.rema1000.dk/620455/1-medium-A5qVlAxRPa.webp", "large": "https://rema-product-images.digital.rema1000.dk/620455/1-large-A5qVlAxRPa.webp"}], "prices": [{"price": 15, "price_over_max_quantity": null, "max_quantity": null, "is_advertised": false, "is_campaign": false, "starting_at": "2014-04-22T00:00:00+00:00", "ending_at": "2099-12-31T00:00:00+00:00", "deposit": null, "compare_unit": "stk", "compare_unit_price": 15, "consumption_unit": null, "consumption_quantity": null}], "temperature_zone": null, "is_self_scale_item": false, "is_weight_item": false, "is_available_in_all_stores": true, "is_batch_item": false}
{"id": 620470, "name": "FODBOLD I PLAST", "underline": "1 STK. / WORLD CUP", "age_limit": null, "hazard_precaution_statements": [], "labels": [], "description": null, "info": "", "images": [{"small": "https://rema-product-images.digital.rema1000.dk/620470/1-small-kOq3KmeJq6.webp", "medium": "https://rema-product-images.digital.rema1000.dk/620470/1-medium-kOq3KmeJq6.webp", "large": "https://rema-product-images.digital.rema1000.dk/620470/1-large-kOq3KmeJq6.webp"}], "prices": [{"price": 15, "price_over_max_quantity": null, "max_quantity": null, "is_advertised": false, "is_campaign": false, "starting_at": "2014-10-08T00:00:00+00:00", "ending_at": "2099-12-31T00:00:00+00:00", "deposit": null, "compare_unit": "stk", "compare_unit_price": 15, "consumption_unit": null, "consumption_quantity": null}], "temperature_zone": null, "is_self_scale_item": false, "is_weight_item": false, "is_available_in_all_stores": false, "is_batch_item": false}
{"id": 620618, "name": "FODBOLD", "underline": "1 STK. / LÆDERLOOK", "age_limit": null, "hazard_precaution_statements": [], "labels": [], "description": null, "info": "", "images": [{"small": "https://rema-product-images.digital.rema1000.dk/620618/1-small-2B940DBl9k.webp", "medium": "https://rema-product-images.digital.rema1000.dk/620618/1-medium-2B940DBl9k.webp", "large": "https://rema-product-images.digital.rema1000.dk/620618/1-large-2B940DBl9k.webp"}], "prices": [{"price": 50, "price_over_max_quantity": null, "max_quantity": null, "is_advertised": false, "is_campaign": false, "starting_at": "2023-01-12T00:00:00+00:00", "ending_at": "2099-12-31T00:00:00+00:00", "deposit": null, "compare_unit": "stk", "compare_unit_price": 50, "consumption_unit": null, "consumption_quantity": null}], "temperature_zone": null, "is_self_scale_item": false, "is_weight_item": false, "is_available_in_all_stores": false, "is_batch_item": false}
{"id": 620643, "name": "BEACH VOLLEYBALL", "underline": "1 STK.", "age_limit": null, "hazard_precaution_statements": [], "labels": [], "description": null, "info": "", "images": [{"small": "https://rema-product-images.digital.rema1000.dk/620643/1-small-dyomYJr7oV.webp", "medium": "https://rema-product-images.digital.rema1000.dk/620643/1-medium-dyomYJr7oV.webp", "large": "https://rema-product-images.digital.rema1000.dk/620643/1-large-dyomYJr7oV.webp"}], "prices": [{"price": 50, "price_over_max_quantity": null, "max_quantity": null, "is_advertised": false, "is_campaign": false, "starting_at": "2023-01-12T00:00:00+00:00", "ending_at": "2099-12-31T00:00:00+00:00", "deposit": null, "compare_unit": "stk", "compare_unit_price": 50, "consumption_unit": null, "consumption_quantity": null}], "temperature_zone": null, "is_self_scale_item": false, "is_weight_item": false, "is_available_in_all_stores": false, "is_batch_item": false}
{"id": 620850, "name": "SÆBEBOBLER", "underline": "60 ML. / FROST 2", "age_limit": null, "hazard_precaution_statements": [], "labels": [], "description": "Ikke egnet til børn under 3 år ", "info": "", "images": [{"small": "https://rema-product-images.digital.rema1000.dk/620850/1-small-vVorA3k4P3.webp", "medium": "https://rema-product-images.digital.rema1000.dk/620850/1-medium-vVorA3k4P3.webp", "large": "https://rema-product-images.digital.rema1000.dk/620850/1-large-vVorA3k4P3.webp"}], "prices": [{"price": 6.5, "price_over_max_quantity": null, "max_quantity": null, "is_advertised": false, "is_campaign": false, "starting_at": "2024-04-04T00:00:00+00:00", "ending_at": "2099-12-31T00:00:00+00:00", "deposit": null, "compare_unit": "ltr", "compare_unit_price": 108.33, "consumption_unit": null, "consumption_quantity": null}], "temperature_zone": null, "is_self_scale_item": false, "is_weight_item": false, "is_available_in_all_stores": false, "is_batch_item": false}
{"id": 622501, "name": "TENNISBOLDE", "underline": "3 STK. / GULE", "age_limit": null, "hazard_precaution_statements": [], "labels": [], "description": null, "info": "", "images": [{"small": "https://rema-product-images.digital.rema1000.dk/622501/1-small-ElPBpnyJqk.webp", "medium": "https://rema-product-images.digital.rema1000.dk/622501/1-medium-ElPBpnyJqk.webp", "large": "https://rema-product-images.digital.rema1000.dk/622501/1-large-ElPBpnyJqk.webp"}], "prices": [{"price": 20, "price_over_max_quantity": null, "max_quantity": null, "is_advertised": false, "is_campaign": false, "starting_at": "2018-05-07T00:00:00+00:00", "ending_at": "2099-12-31T00:00:00+00:00", "deposit": null, "compare_unit": "stk", "compare_unit_price": 6.67, "consumption_unit": null, "consumption_quantity": null}], "temperature_zone": null, "is_self_scale_item": false, "is_weight_item": false, "is_available_in_all_stores": true, "is_batch_item": false}
{"id": 625105, "name": "KLISTERMÆRKER", "underline": "1 STK. / EMOJI", "age_limit": null, "hazard_precaution_statements": [], "labels": [], "description": "Ikke egnet til børn under 3 år ", "info": "", "images": [{"small": "https://rema-product-images.digital.rema1000.dk/625105/1-small-xQq8ke0zoZ.webp", "medium": "https://rema-product-images.digital.rema1000.dk/625105/1-medium-xQq8ke0zoZ.webp", "large": "https://rema-product-images.digital.rema1000.dk/625105/1-large-xQq8ke0zoZ.webp"}], "prices": [{"price": 10, "price_over_max_quantity": null, "max_quantity": null, "is_advertised": false, "is_campaign": false, "starting_at": "2018-05-07T00:00:00+00:00", "ending_at": "2099-12-31T00:00:00+00:00", "deposit": null, "compare_unit": "stk", "compare_unit_price": 10, "consumption_unit": null, "consumption_quantity": null}], "temperature_zone": null, "is_self_scale_item": false, "is_weight_item": false, "is_available_in_all_stores": true, "is_batch_item": false}
{"id": 62632, "name": "SØDMÆLKSBRØD", "underline": "600 GR. / SCHULSTAD", "age_limit": null, "hazard_precaution_statements": [], "labels": [], "description": null, "info": "", "images": [{"small": "https://rema-product-images.digital.rema1000.dk/62632/1-small-nDPWKLOPWa.webp", "medium": "https://rema-product-images.digital.rema1000.dk/62632/1-medium-nDPWKLOPWa.webp", "large": "https://rema-product-images.digital.rema1000.dk/62632/1-large-nDPWKLOPWa.webp"}], "prices": [{"price": 20.5, "price_over_max_quantity": null, "max_quantity": null, "is_advertised": false, "is_campaign": false, "starting_at": "2025-07-03T00:00:00+00:00", "ending_at": "2099-12-31T00:00:00+00:00", "deposit": null, "compare_unit": "kg", "compare_unit_price": 34.17, "consumption_unit": null, "consumption_quantity": null}], "temperature_zone": null, "is_self_scale_item": false, "is_weight_item": false, "is_available_in_all_stores": true, "is_batch_item": false}
{"id": 630342, "name": "UNIVERSALSAKS", "underline": "1 STK. / 22 CM", "age_limit": null, "hazard_precaution_statements": [], "labels": [], "description": null, "info": "", "images": [{"small": "https://rema-product-images.digital.rema1000.dk/630342/1-small-A4Py5Q4dPL.webp", "medium": "https://rema-product-images.digital.rema1000.dk/630342/1-medium-A4Py5Q4dPL.webp", "large": "https://rema-product-images.digital.rema1000.dk/630342/1-large-A4Py5Q4dPL.webp"}], "prices": [{"price": 29.95, "price_over_max_quantity": null, "max_quantity": null, "is_advertised": false, "is_campaign": false, "starting_at": "2010-08-27T00:00:00+00:00", "ending_at": "2099-12-31T00:00:00+00:00", "deposit": null, "compare_unit": "stk", "compare_unit_price": 29.95, "consumption_unit": null, "consumption_quantity": null}], "temperature_zone": null, "is_self_scale_item": false, "is_weight_item": false, "is_available_in_all_stores": true, "is_batch_item": false}
{"id": 630670, "name": "DÅSEÅBNER", "underline": "1 STK. / STÅL", "age_limit": null, "hazard_precaution_statements": [], "labels": [], "description": null, "info": "", "images": [{"small": "https://rema-product-images.digital.rema1000.dk/630670/1-small-kOq3KxD5q6.webp", "medium": "https://rema-product-images.digital.rema1000.dk/630670/1-medium-kOq3KxD5q6.webp", "large": "https://rema-product-images.digital.rema1000.dk/630670/1-large-kOq3KxD5q6.webp"}], "prices": [{"price": 20, "price_over_max_quantity": null, "max_quantity": null, "is_advertised": false, "is_campaign": false, "starting_at": "2020-05-07T00:00:00+00:00", "ending_at": "2099-12-31T00:00:00+00:00", "deposit": null, "compare_unit": "stk", "compare_unit_price": 20, "consumption_unit": null, "consumption_quantity": null}], "temperature_zone": null, "is_self_scale_item": false, "is_weight_item": false, "is_available_in_all_stores": false, "is_batch_item": false}
{"id": 630790, "name": "TERMOKRUS", "underline": "1 STK. / PLAST 450 ML", "age_limit": null, "hazard_precaution_statements": [], "labels": [], "description": null, "info": "", "images": [{"small": "https://rema-product-images.digital.rema1000.dk/630790/1-small-kAonXRDB9x.webp", "medium": "https://rema-product-images.digital.rema1000.dk/630790/1-medium-kAonXRDB9x.webp", "large": "https://rema-product-images.digital.rema1000.dk/630790/1-large-kAonXRDB9x.webp"}], "prices": [{"price": 20.95, "price_over_max_quantity": null, "max_quantity": null, "is_advertised": false, "is_campaign": false, "starting_at": "2023-02-01T00:00:00+00:00", "ending_at": "2099-12-31T00:00:00+00:00", "deposit": null, "compare_unit": "stk", "compare_unit_price": 20.95, "consumption_unit": null, "consumption_quantity": null}], "temperature_zone": null, "is_self_scale_item": false, "is_weight_item": false, "is_available_in_all_stores": true, "is_batch_item": false}
{"id": 630851, "name": "PLAST KRUS", "underline": "1 STK. / 300 ML", "age_limit": null, "hazard_precaution_statements": [], "labels": [], "description": null, "info": "", "images": [{"small": "https://rema-product-images.digital.rema1000.dk/630851/1-small-v09gz7XnqA.webp", "medium": "https://rema-product-images.digital.rema1000.dk/630851/1-medium-v09gz7XnqA.webp", "large": "https://rema-product-images.digital.rema1000.dk/630851/1-large-v09gz7XnqA.webp"}], "prices": [{"price": 12.95, "price_over_max_quantity": null, "max_quantity": null, "is_advertised": false, "is_campaign": false, "starting_at": "2022-02-24T00:00:00+00:00", "ending_at": "2099-12-31T00:00:00+00:00", "deposit": null, "compare_unit": "stk", "compare_unit_price": 12.95, "consumption_unit": null, "consumption_quantity": null}], "temperature_zone": null, "is_self_scale_item": false, "is_weight_item": false, "is_available_in_all_stores": true, "is_batch_item": false}
{"id": 630886, "name": "ISTERNINGEBAKKE", "underline": "1 STK. / SILIKONE MED LÅG", "age_limit": null, "hazard_precaution_statements": [], "labels": [], "description": "12,5x18x2,5 cm", "info": "", "images": [{"small": "https://rema-product-images.digital.rema1000.dk/630886/1-small-A4Py5QJ7PL.webp", "medium": "https://rema-product-images.digital.rema1000.dk/630886/1-medium-A4Py5QJ7PL.webp", "large": "https://rema-product-images.digital.rema1000.dk/630886/1-large-A4Py5QJ7PL.webp"}], "prices": [{"price": 25, "price_over_max_quantity": null, "max_quantity": null, "is_advertised": false, "is_campaign": false, "starting_at": "2024-08-29T00:00:00+00:00", "ending_at": "2099-12-31T00:00:00+00:00", "deposit": null, "compare_unit": "stk", "compare_unit_price": 25, "consumption_unit": null, "consumption_quantity": null}], "temperature_zone": null, "is_self_scale_item": false, "is_weight_item": false, "is_available_in_all_stores": true, "is_batch_item": false}
{"id": 631000, "name": "VANDGLAS", "underline": "1 STK. / I KLAR PLAST", "age_limit": null, "hazard_precaution_statements": [], "labels": [], "description": null, "info": "", "images": [{"small": "https://rema-product-images.digital.rema1000.dk/631000/1-small-xePwn2OO9w.webp", "medium": "https://rema-product-images.digital.rema1000.dk/631000/1-medium-xePwn2OO9w.webp", "large": "https://rema-product-images.digital.rema1000.dk/631000/1-large-xePwn2OO9w.webp"}], "prices": [{"price": 15, "price_over_max_quantity": null, "max_quantity": null, "is_advertised": false, "is_campaign": false, "starting_at": "2023-09-28T00:00:00+00:00", "ending_at": "2099-12-31T00:00:00+00:00", "deposit": null, "compare_unit": "stk", "compare_unit_price": 15, "consumption_unit": null, "consumption_quantity": null}], "temperature_zone": null, "is_self_scale_item": false, "is_weight_item": false, "is_available_in_all_stores": true, "is_batch_item": false}
{"id": 631011, "name": "SILIKONE STRÆK LÅG", "underline": "3 STK. / Ø6,5 + Ø9,5 + Ø11,5 CM", "age_limit": null, "hazard_precaution_statements": [], "labels": [], "description": null, "info": "", "images": [{"small": "https://rema-product-images.digital.rema1000.dk/631011/1-small-A5qVlDVlPa.webp", "medium": "https://rema-product-images.digital.rema1000.dk/631011/1-medium-A5qVlDVlPa.webp", "large": "https://rema-product-images.digital.rema1000.dk/631011/1-large-A5qVlDVlPa.webp"}], "prices": [{"price": 5, "price_over_max_quantity": null, "max_quantity": null, "is_advertised": false, "is_campaign": false, "starting_at": "2024-09-19T00:00:00+00:00", "ending_at": "2099-12-31T00:00:00+00:00", "deposit": null, "compare_unit": "stk", "compare_unit_price": 1.67, "consumption_unit": null, "consumption_quantity": null}], "temperature_zone": null, "is_self_scale_item": false, "is_weight_item": false, "is_available_in_all_stores": true, "is_batch_item": false}
{"id": 631030, "name": "TALLERKENER Ø18,8CM", "underline": "6 STK. / PP PLAST", "age_limit": null, "hazard_precaution_statements": [], "labels": [], "description": "Tåler maskinopvask ved 45 grader i øverste kurv", "info": "", "images": [{"small": "https://rema-product-images.digital.rema1000.dk/631030/1-small-869DwmGEqM.webp", "medium": "https://rema-product-images.digital.rema1000.dk/631030/1-medium-869DwmGEqM.webp", "large": "https://rema-product-images.digital.rema1000.dk/631030/1-large-869DwmGEqM.webp"}], "prices": [{"price": 30, "price_over_max_quantity": null, "max_quantity": null, "is_advertised": false, "is_campaign": false, "starting_at": "2022-04-28T00:00:00+00:00", "ending_at": "2099-12-31T00:00:00+00:00", "deposit": null, "compare_unit": "stk", "compare_unit_price": 5, "consumption_unit": null, "consumption_quantity": null}], "temperature_zone": null, "is_self_scale_item": false, "is_weight_item": false, "is_available_in_all_stores": true, "is_batch_item": false}
{"id": 631031, "name": "TALLERKENER 24,5CM", "underline": "6 STK. / PP PLAST", "age_limit": null, "hazard_precaution_statements": [], "labels": [], "description": "Tåler maskinopvask ved 45 grader i øverste kurv", "info": "", "images": [{"small": "https://rema-product-images.digital.rema1000.dk/631031/1-small-01q2byAYq7.webp", "medium": "https://rema-product-images.digital.rema1000.dk/631031/1-medium-01q2byAYq7.webp", "large": "https://rema-product-images.digital.rema1000.dk/631031/1-large-01q2byAYq7.webp"}], "prices": [{"price": 39, "price_over_max_quantity": null, "max_quantity": null, "is_advertised": false, "is_campaign": false, "starting_at": "2023-06-22T00:00:00+00:00", "ending_at": "2099-12-31T00:00:00+00:00", "deposit": null, "compare_unit": "stk", "compare_unit_price": 6.5, "consumption_unit": null, "consumption_quantity": null}], "temperature_zone": null, "is_self_scale_item": false, "is_weight_item": false, "is_available_in_all_stores": true, "is_batch_item": false}
{"id": 631054, "name": "SILIKONEPOSE 473 ML", "underline": "1 STK. / MED LUKNINGSSKINNE", "age_limit": null, "hazard_precaution_statements": [], "labels": [], "description": null, "info": "", "images": [{"small": "https://rema-product-images.digital.rema1000.dk/631054/1-small-Al90KxkDq8.webp", "medium": "https://rema-product-images.digital.rema1000.dk/631054/1-medium-Al90KxkDq8.webp", "large": "https://rema-product-images.digital.rema1000.dk/631054/1-large-Al90KxkDq8.webp"}], "prices": [{"price": 10, "price_over_max_quantity": null, "max_quantity": null, "is_advertised": false, "is_campaign": false, "starting_at": "2023-06-30T00:00:00+00:00", "ending_at": "2099-12-31T00:00:00+00:00", "deposit": null, "compare_unit": "stk", "compare_unit_price": 10, "consumption_unit": null, "consumption_quantity": null}], "temperature_zone": null, "is_self_scale_item": false, "is_weight_item": false, "is_available_in_all_stores": true, "is_batch_item": false}
{"id": 631080, "name": "PLAST KNIVE", "underline": "12 STK. / HVID PP", "age_limit": null, "hazard_precaution_statements": [], "labels": [], "description": "Størrelse: B: 20 mm H: 180 mm Temperatur: Op til +40 C. uden tidsbegrænsning,  op til +70 C. i max. 2 timer og op til +100 C. i max 15 min.", "info": "", "images": [{"small": "https://rema-product-images.digital.rema1000.dk/631080/1-small-7doLQRYNq6.webp", "medium": "https://rema-product-images.digital.rema1000.dk/631080/1-medium-7doLQRYNq6.webp", "large": "https://rema-product-images.digital.rema1000.dk/631080/1-large-7doLQRYNq6.webp"}], "prices": [{"price": 20, "price_over_max_quantity": null, "max_quantity": null, "is_advertised": false, "is_campaign": false, "starting_at": "2019-12-09T00:00:00+00:00", "ending_at": "2099-12-31T00:00:00+00:00", "deposit": null, "compare_unit": "stk", "compare_unit_price": 1.67, "consumption_unit": null, "consumption_quantity": null}], "temperature_zone": null, "is_self_scale_item": false, "is_weight_item": false, "is_available_in_all_stores": true, "is_batch_item": false}
{"id": 631081, "name": "PLAST GAFLER", "underline": "12 STK. / HVID PP", "age_limit": null, "hazard_precaution_statements": [], "labels": [], "description": "Størrelse: B: 27 mm H: 180 mm Temperatur: Op til +40 C. uden tidsbegrænsning,  op til +70 C. i max. 2 timer og op til +100 C. i max 15 min.", "info": "", "images": [{"small": "https://rema-product-images.digital.rema1000.dk/631081/1-small-JzPJrbmJPk.webp", "medium": "https://rema-product-images.digital.rema1000.dk/631081/1-medium-JzPJrbmJPk.webp", "large": "https://rema-product-images.digital.rema1000.dk/631081/1-large-JzPJrbmJPk.webp"}], "prices": [{"price": 20, "price_over_max_quantity": null, "max_quantity": null, "is_advertised": false, "is_campaign": false, "starting_at": "2019-12-09T00:00:00+00:00", "ending_at": "2099-12-31T00:00:00+00:00", "deposit": null, "compare_unit": "stk", "compare_unit_price": 1.67, "consumption_unit": null, "consumption_quantity": null}], "temperature_zone": null, "is_self_scale_item": false, "is_weight_item": false, "is_available_in_all_stores": true, "is_batch_item": false}
{"id": 631082, "name": "PLAST SKEER", "underline": "12 STK. / HVID PP", "age_limit": null, "hazard_precaution_statements": [], "labels": [], "description": "Størrelse: B: 40 mm H: 185 mm Temperatur: Op til +40 C. uden tidsbegrænsning,  op til +70 C. i max. 2 timer og op til +100 C. i max 15 min.", "info": "", "images": [{"small": "https://rema-product-images.digital.rema1000.dk/631082/1-small-MBoNjyZDov.webp", "medium": "https://rema-product-images.digital.rema1000.dk/631082/1-medium-MBoNjyZDov.webp", "large": "https://rema-product-images.digital.rema1000.dk/631082/1-large-MBoNjyZDov.webp"}], "prices": [{"price": 20, "price_over_max_quantity": null, "max_quantity": null, "is_advertised": false, "is_campaign": false, "starting_at": "2019-12-09T00:00:00+00:00", "ending_at": "2099-12-31T00:00:00+00:00", "deposit": null, "compare_unit": "stk", "compare_unit_price": 1.67, "consumption_unit": null, "consumption_quantity": null}], "temperature_zone": null, "is_self_scale_item": false, "is_weight_item": false, "is_available_in_all_stores": true, "is_batch_item": false}
{"id": 631083, "name": "PLAST TESKEER", "underline": "12 STK. / HVID PP", "age_limit": null, "hazard_precaution_statements": [], "labels": [], "description": "Størrelse: B: 27 mm H: 140 mm Temperatur: Op til +40 C. uden tidsbegrænsning,  op til +70 C. i max. 2 timer og op til +100 C. i max 15 min.", "info": "", "images": [{"small": "https://rema-product-images.digital.rema1000.dk/631083/1-small-zOPl0bVRPR.webp", "medium": "https://rema-product-images.digital.rema1000.dk/631083/1-medium-zOPl0bVRPR.webp", "large": "https://rema-product-images.digital.rema1000.dk/631083/1-large-zOPl0bVRPR.webp"}], "prices": [{"price": 20, "price_over_max_quantity": null, "max_quantity": null, "is_advertised": false, "is_campaign": false, "starting_at": "2019-12-09T00:00:00+00:00", "ending_at": "2099-12-31T00:00:00+00:00", "deposit": null, "compare_unit": "stk", "compare_unit_price": 1.67, "consumption_unit": null, "consumption_quantity": null}], "temperature_zone": null, "is_self_scale_item": false, "is_weight_item": false, "is_available_in_all_stores": true, "is_batch_item": false}
{"id": 631084, "name": "PLAST SKÅLE 375 ML", "underline": "6 STK. / HVID PP", "age_limit": null, "hazard_precaution_statements": [], "labels": [], "description": "Størrelse: Ø:119 mm H: 50 mm Temperatur: Op til +40 C. uden tidsbegrænsning,  op til +70 C. i max. 2 timer og op til +100 C. i max 15 min.", "info": "", "images": [{"small": "https://rema-product-images.digital.rema1000.dk/631084/1-small-rQqQda3Boe.webp", "medium": "https://rema-product-images.digital.rema1000.dk/631084/1-medium-rQqQda3Boe.webp", "large": "https://rema-product-images.digital.rema1000.dk/631084/1-large-rQqQda3Boe.webp"}], "prices": [{"price": 21.95, "price_over_max_quantity": null, "max_quantity": null, "is_advertised": false, "is_campaign": false, "starting_at": "2022-10-06T00:00:00+00:00", "ending_at": "2099-12-31T00:00:00+00:00", "deposit": null, "compare_unit": "stk", "compare_unit_price": 3.66, "consumption_unit": null, "consumption_quantity": null}], "temperature_zone": null, "is_self_scale_item": false, "is_weight_item": false, "is_available_in_all_stores": true, "is_batch_item": false}
{"id": 631085, "name": "PLAST GLAS 30 CL", "underline": "8 STK. / PP", "age_limit": null, "hazard_precaution_statements": [], "labels": [], "description": "Størrelse: Ø: 78 mm H: 105 mm Temperatur: Op til +40 C. uden tidsbegrænsning,  op til +70 C. i max. 2 timer og op til +100 C. i max 15 min.", "info": "", "images": [{"small": "https://rema-product-images.digital.rema1000.dk/631085/1-small-we9EB7vRPg.webp", "medium": "https://rema-product-images.digital.rema1000.dk/631085/1-medium-we9EB7vRPg.webp", "large": "https://rema-product-images.digital.rema1000.dk/631085/1-large-we9EB7vRPg.webp"}], "prices": [{"price": 21.95, "price_over_max_quantity": null, "max_quantity": null, "is_advertised": false, "is_campaign": false, "starting_at": "2022-10-06T00:00:00+00:00", "ending_at": "2099-12-31T00:00:00+00:00", "deposit": null, "compare_unit": "stk", "compare_unit_price": 2.74, "consumption_unit": null, "consumption_quantity": null}], "temperature_zone": null, "is_self_scale_item": false, "is_weight_item": false, "is_available_in_all_stores": true, "is_batch_item": false}
{"id": 631086, "name": "PLAST ØLGLAS 50 CL", "underline": "6 STK. / PP", "age_limit": null, "hazard_precaution_statements": [], "labels": [], "description": "Størrelse: Ø: 85 mm H: 138 mm Temperatur: Op til +40 C. uden tidsbegrænsning,  op til +70 C. i max. 2 timer og op til +100 C. i max 15 min.", "info": "", "images": [{"small": "https://rema-product-images.digital.rema1000.dk/631086/1-small-A4Py5QdJPL.webp", "medium": "https://rema-product-images.digital.rema1000.dk/631086/1-medium-A4Py5QdJPL.webp", "large": "https://rema-product-images.digital.rema1000.dk/631086/1-large-A4Py5QdJPL.webp"}], "prices": [{"price": 21.95, "price_over_max_quantity": null, "max_quantity": null, "is_advertised": false, "is_campaign": false, "starting_at": "2022-10-06T00:00:00+00:00", "ending_at": "2099-12-31T00:00:00+00:00", "deposit": null, "compare_unit": "stk", "compare_unit_price": 3.66, "consumption_unit": null, "consumption_quantity": null}], "temperature_zone": null, "is_self_scale_item": false, "is_weight_item": false, "is_available_in_all_stores": true, "is_batch_item": false}
{"id": 631087, "name": "PLAST SHOTGLAS 5 CL", "underline": "12 STK. / PP", "age_limit": null, "hazard_precaution_statements": [], "labels": [], "description": "Størrelse: Ø: 46 mm H: 47 mm Temperatur: Op til +40 C. uden tidsbegrænsning,  op til +70 C. i max. 2 timer og op til +100 C. i max 15 min.", "info": "", "images": [{"small": "https://rema-product-images.digital.rema1000.dk/631087/1-small-dyomYvXBoV.webp", "medium": "https://rema-product-images.digital.rema1000.dk/631087/1-medium-dyomYvXBoV.webp", "large": "https://rema-product-images.digital.rema1000.dk/631087/1-large-dyomYvXBoV.webp"}], "prices": [{"price": 21.95, "price_over_max_quantity": null, "max_quantity": null, "is_advertised": false, "is_campaign": false, "starting_at": "2022-10-06T00:00:00+00:00", "ending_at": "2099-12-31T00:00:00+00:00", "deposit": null, "compare_unit": "stk", "compare_unit_price": 1.83, "consumption_unit": null, "consumption_quantity": null}], "temperature_zone": null, "is_self_scale_item": false, "is_weight_item": false, "is_available_in_all_stores": true, "is_batch_item": false}
{"id": 631088, "name": "PLAST KOP 300 ML", "underline": "6 STK. / HVID PP", "age_limit": null, "hazard_precaution_statements": [], "labels": [], "description": "Størrelse: Ø:80 mm H:88 mm Temperatur: Op til +40 C. uden tidsbegrænsning,  op til +70 C. i max. 2 timer og op til +100 C. i max 15 min.", "info": "", "images": [{"small": "https://rema-product-images.digital.rema1000.dk/631088/1-small-xePwn2zO9w.webp", "medium": "https://rema-product-images.digital.rema1000.dk/631088/1-medium-xePwn2zO9w.webp", "large": "https://rema-product-images.digital.rema1000.dk/631088/1-large-xePwn2zO9w.webp"}], "prices": [{"price": 21.95, "price_over_max_quantity": null, "max_quantity": null, "is_advertised": false, "is_campaign": false, "starting_at": "2022-10-06T00:00:00+00:00", "ending_at": "2099-12-31T00:00:00+00:00", "deposit": null, "compare_unit": "stk", "compare_unit_price": 3.66, "consumption_unit": null, "consumption_quantity": null}], "temperature_zone": null, "is_self_scale_item": false, "is_weight_item": false, "is_available_in_all_stores": true, "is_batch_item": false}
{"id": 631110, "name": "BAGEMÅTTE", "underline": "1 STK. / SILIKONE 31X40 CM", "age_limit": null, "hazard_precaution_statements": [], "labels": [], "description": null, "info": "", "images": [{"small": "https://rema-product-images.digital.rema1000.dk/631110/1-small-Al90Kx0Bq8.webp", "medium": "https://rema-product-images.digital.rema1000.dk/631110/1-medium-Al90Kx0Bq8.webp", "large": "https://rema-product-images.digital.rema1000.dk/631110/1-large-Al90Kx0Bq8.webp"}], "prices": [{"price": 30, "price_over_max_quantity": null, "max_quantity": null, "is_advertised": false, "is_campaign": false, "starting_at": "2020-03-10T00:00:00+00:00", "ending_at": "2099-12-31T00:00:00+00:00", "deposit": null, "compare_unit": "stk", "compare_unit_price": 30, "consumption_unit": null, "consumption_quantity": null}], "temperature_zone": null, "is_self_scale_item": false, "is_weight_item": false, "is_available_in_all_stores": true, "is_batch_item": false}
{"id": 631149, "name": "FILT PUDER", "underline": "134 STK. / SORTE OG HVIDE", "age_limit": null, "hazard_precaution_statements": [], "labels": [], "description": null, "info": "", "images": [{"small": "https://rema-product-images.digital.rema1000.dk/631149/1-small-xQq8kKvdoZ.webp", "medium": "https://rema-product-images.digital.rema1000.dk/631149/1-medium-xQq8kKvdoZ.webp", "large": "https://rema-product-images.digital.rema1000.dk/631149/1-large-xQq8kKvdoZ.webp"}], "prices": [{"price": 20, "price_over_max_quantity": null, "max_quantity": null, "is_advertised": false, "is_campaign": false, "starting_at": "2013-10-01T00:00:00+00:00", "ending_at": "2099-12-31T00:00:00+00:00", "deposit": null, "compare_unit": "stk", "compare_unit_price": 0.15, "consumption_unit": null, "consumption_quantity": null}], "temperature_zone": null, "is_self_scale_item": false, "is_weight_item": false, "is_available_in_all_stores": true, "is_batch_item": false}
{"id": 631150, "name": "FOLDEKASSE MØRK", "underline": "1 STK. / PLAST 25X16,5X10 CM", "age_limit": null, "hazard_precaution_statements": [], "labels": [], "description": null, "info": "", "images": [{"small": "https://rema-product-images.digital.rema1000.dk/631150/1-small-vVorAJMBP3.webp", "medium": "https://rema-product-images.digital.rema1000.dk/631150/1-medium-vVorAJMBP3.webp", "large": "https://rema-product-images.digital.rema1000.dk/631150/1-large-vVorAJMBP3.webp"}], "prices": [{"price": 16.95, "price_over_max_quantity": null, "max_quantity": null, "is_advertised": false, "is_campaign": false, "starting_at": "2022-05-12T00:00:00+00:00", "ending_at": "2099-12-31T00:00:00+00:00", "deposit": null, "compare_unit": "stk", "compare_unit_price": 16.95, "consumption_unit": null, "consumption_quantity": null}], "temperature_zone": null, "is_self_scale_item": false, "is_weight_item": false, "is_available_in_all_stores": true, "is_batch_item": false}
{"id": 631151, "name": "FOLDEKASSE LYS", "underline": "1 STK. / PLAST 25X16,5X10 CM", "age_limit": null, "hazard_precaution_statements": [], "labels": [], "description": null, "info": "", "images": [{"small": "https://rema-product-images.digital.rema1000.dk/631151/1-small-v09gzLREqA.webp", "medium": "https://rema-product-images.digital.rema1000.dk/631151/1-medium-v09gzLREqA.webp", "large": "https://rema-product-images.digital.rema1000.dk/631151/1-large-v09gzLREqA.webp"}], "prices": [{"price": 16.95, "price_over_max_quantity": null, "max_quantity": null, "is_advertised": false, "is_campaign": false, "starting_at": "2022-05-26T00:00:00+00:00", "ending_at": "2099-12-31T00:00:00+00:00", "deposit": null, "compare_unit": "stk", "compare_unit_price": 16.95, "consumption_unit": null, "consumption_quantity": null}], "temperature_zone": null, "is_self_scale_item": false, "is_weight_item": false, "is_available_in_all_stores": true, "is_batch_item": false}
{"id": 631223, "name": "STRIBET SUGERØR", "underline": "12 STK. / INKL. RENGØRINGSBØRSTE", "age_limit": null, "hazard_precaution_statements": [], "labels": [], "description": null, "info": "", "images": [{"small": "https://rema-product-images.digital.rema1000.dk/631223/1-small-MNqZlen7PA.webp", "medium": "https://rema-product-images.digital.rema1000.dk/631223/1-medium-MNqZlen7PA.webp", "large": "https://rema-product-images.digital.rema1000.dk/631223/1-large-MNqZlen7PA.webp"}], "prices": [{"price": 10, "price_over_max_quantity": null, "max_quantity": null, "is_advertised": false, "is_campaign": false, "starting_at": "2021-10-05T00:00:00+00:00", "ending_at": "2099-12-31T00:00:00+00:00", "deposit": null, "compare_unit": "stk", "compare_unit_price": 0.83, "consumption_unit": null, "consumption_quantity": null}], "temperature_zone": null, "is_self_scale_item": false, "is_weight_item": false, "is_available_in_all_stores": true, "is_batch_item": false}
{"id": 631255, "name": "SUGERØR", "underline": "10 STK. / MED PRINTEDE FLAG", "age_limit": null, "hazard_precaution_statements": [], "labels": [], "description": null, "info": "", "images": [{"small": "https://rema-product-images.digital.rema1000.dk/631255/1-small-A5qVle6kPa.webp", "medium": "https://rema-product-images.digital.rema1000.dk/631255/1-medium-A5qVle6kPa.webp", "large": "https://rema-product-images.digital.rema1000.dk/631255/1-large-A5qVle6kPa.webp"}], "prices": [{"price": 15, "price_over_max_quantity": null, "max_quantity": null, "is_advertised": false, "is_campaign": false, "starting_at": "2022-04-19T00:00:00+00:00", "ending_at": "2099-12-31T00:00:00+00:00", "deposit": null, "compare_unit": "stk", "compare_unit_price": 1.5, "consumption_unit": null, "consumption_quantity": null}], "temperature_zone": null, "is_self_scale_item": false, "is_weight_item": false, "is_available_in_all_stores": true, "is_batch_item": false}
{"id": 631292, "name": "VINGLAS 25 CL", "underline": "1 STK. / PS PLAST", "age_limit": null, "hazard_precaution_statements": [], "labels": [], "description": null, "info": "", "images": [{"small": "https://rema-product-images.digital.rema1000.dk/631292/1-small-OJq5Erjnqp.webp", "medium": "https://rema-product-images.digital.rema1000.dk/631292/1-medium-OJq5Erjnqp.webp", "large": "https://rema-product-images.digital.rema1000.dk/631292/1-large-OJq5Erjnqp.webp"}], "prices": [{"price": 15, "price_over_max_quantity": null, "max_quantity": null, "is_advertised": false, "is_campaign": false, "starting_at": "2023-03-20T00:00:00+00:00", "ending_at": "2099-12-31T00:00:00+00:00", "deposit": null, "compare_unit": "stk", "compare_unit_price": 15, "consumption_unit": null, "consumption_quantity": null}], "temperature_zone": null, "is_self_scale_item": false, "is_weight_item": false, "is_available_in_all_stores": true, "is_batch_item": false}
{"id": 63139, "name": "SKAGENSBRØD", "underline": "650 GR. / DET GODE", "age_limit": null, "hazard_precaution_statements": [], "labels": [], "description": null, "info": "", "images": [{"small": "https://rema-product-images.digital.rema1000.dk/63139/1-small-zOPlD7BPRW.webp", "medium": "https://rema-product-images.digital.rema1000.dk/63139/1-medium-zOPlD7BPRW.webp", "large": "https://rema-product-images.digital.rema1000.dk/63139/1-large-zOPlD7BPRW.webp"}], "prices": [{"price": 25.95, "price_over_max_quantity": null, "max_quantity": null, "is_advertised": false, "is_campaign": false, "starting_at": "2025-07-03T00:00:00+00:00", "ending_at": "2025-08-30T00:00:00+00:00", "deposit": null, "compare_unit": "kg", "compare_unit_price": 39.92, "consumption_unit": null, "consumption_quantity": null}], "temperature_zone": null, "is_self_scale_item": false, "is_weight_item": false, "is_available_in_all_stores": true, "is_batch_item": false}
{"id": 631409, "name": "MADBOKS 2,4 LTR", "underline": "1 STK. / CLIP", "age_limit": null, "hazard_precaution_statements": [], "labels": [], "description": null, "info": "", "images": [{"small": "https://rema-product-images.digital.rema1000.dk/631409/1-small-aboKd0QGqp.webp", "medium": "https://rema-product-images.digital.rema1000.dk/631409/1-medium-aboKd0QGqp.webp", "large": "https://rema-product-images.digital.rema1000.dk/631409/1-large-aboKd0QGqp.webp"}], "prices": [{"price": 40, "price_over_max_quantity": null, "max_quantity": null, "is_advertised": false, "is_campaign": false, "starting_at": "2025-02-28T00:00:00+00:00", "ending_at": "2099-12-31T00:00:00+00:00", "deposit": null, "compare_unit": "stk", "compare_unit_price": 40, "consumption_unit": null, "consumption_quantity": null}], "temperature_zone": null, "is_self_scale_item": false, "is_weight_item": false, "is_available_in_all_stores": true, "is_batch_item": false}
{"id": 631411, "name": "SNACKPOTS", "underline": "2 STK. / 150 ML", "age_limit": null, "hazard_precaution_statements": [], "labels": [], "description": null, "info": "", "images": [], "prices": [{"price": 25, "price_over_max_quantity": null, "max_quantity": null, "is_advertised": false, "is_campaign": false, "starting_at": "2025-02-27T00:00:00+00:00", "ending_at": "2099-12-31T00:00:00+00:00", "deposit": null, "compare_unit": "stk", "compare_unit_price": 12.5, "consumption_unit": null, "consumption_quantity": null}], "temperature_zone": null, "is_self_scale_item": false, "is_weight_item": false, "is_available_in_all_stores": true, "is_batch_item": false}
{"id": 63143, "name": "FEMKORNSBRØD", "underline": "625 GR. / DET GODE", "age_limit": null, "hazard_precaution_statements": [], "labels": [], "description": null, "info": "", "images": [{"small": "https://rema-product-images.digital.rema1000.dk/63143/1-small-dyom23nqVm.webp", "medium": "https://rema-product-images.digital.rema1000.dk/63143/1-medium-dyom23nqVm.webp", "large": "https://rema-product-images.digital.rema1000.dk/63143/1-large-dyom23nqVm.webp"}], "prices": [{"price": 25.95, "price_over_max_quantity": null, "max_quantity": null, "is_advertised": false, "is_campaign": false, "starting_at": "2025-07-03T00:00:00+00:00", "ending_at": "2025-08-30T00:00:00+00:00", "deposit": null, "compare_unit": "kg", "compare_unit_price": 41.52, "consumption_unit": null, "consumption_quantity": null}], "temperature_zone": null, "is_self_scale_item": false, "is_weight_item": false, "is_available_in_all_stores": true, "is_batch_item": false}
{"id": 63147, "name": "SIGNATUR FANØ", "underline": "750 GR. / SCHULSTAD", "age_limit": null, "hazard_precaution_statements": [], "labels": [{"id": 9001, "name": "Avisvare", "image": "https://static-assets.digital.rema1000.dk/product/labels/9001-64.webp"}], "description": null, "info": "", "images": [{"small": "https://rema-product-images.digital.rema1000.dk/63147/1-small-3MoMNYQq5E.webp", "medium": "https://rema-product-images.digital.rema1000.dk/63147/1-medium-3MoMNYQq5E.webp", "large": "https://rema-product-images.digital.rema1000.dk/63147/1-large-3MoMNYQq5E.webp"}], "prices": [{"price": 15, "price_over_max_quantity": null, "max_quantity": null, "is_advertised": true, "is_campaign": true, "starting_at": "2025-08-17T00:00:00+00:00", "ending_at": "2025-08-23T00:00:00+00:00", "deposit": null, "compare_unit": "kg", "compare_unit_price": 20, "consumption_unit": null, "consumption_quantity": null}, {"price": 25.95, "price_over_max_quantity": null, "max_quantity": null, "is_advertised": false, "is_campaign": false, "starting_at": "2025-08-24T00:00:00+00:00", "ending_at": "2025-09-06T00:00:00+00:00", "deposit": null, "compare_unit": "kg", "compare_unit_price": 34.6, "consumption_unit": null, "consumption_quantity": null}], "temperature_zone": null, "is_self_scale_item": false, "is_weight_item": false, "is_available_in_all_stores": true, "is_batch_item": false}
{"id": 632028, "name": "SPORK", "underline": "1 STK. / 18 CM", "age_limit": null, "hazard_precaution_statements": [], "labels": [], "description": null, "info": "", "images": [{"small": "https://rema-product-images.digital.rema1000.dk/632028/1-small-xyqaBeOA9D.webp", "medium": "https://rema-product-images.digital.rema1000.dk/632028/1-medium-xyqaBeOA9D.webp", "large": "https://rema-product-images.digital.rema1000.dk/632028/1-large-xyqaBeOA9D.webp"}], "prices": [{"price": 2.5, "price_over_max_quantity": null, "max_quantity": null, "is_advertised": false, "is_campaign": false, "starting_at": "2023-09-29T00:00:00+00:00", "ending_at": "2099-12-31T00:00:00+00:00", "deposit": null, "compare_unit": "stk", "compare_unit_price": 2.5, "consumption_unit": null, "consumption_quantity": null}], "temperature_zone": null, "is_self_scale_item": false, "is_weight_item": false, "is_available_in_all_stores": true, "is_batch_item": false}
{"id": 633042, "name": "OSTESKÆRER", "underline": "1 STK. / DOBBELTKLINGE", "age_limit": null, "hazard_precaution_statements": [], "labels": [], "description": null, "info": "", "images": [{"small": "https://rema-product-images.digital.rema1000.dk/633042/1-small-A4Py5nO7PL.webp", "medium": "https://rema-product-images.digital.rema1000.dk/633042/1-medium-A4Py5nO7PL.webp", "large": "https://rema-product-images.digital.rema1000.dk/633042/1-large-A4Py5nO7PL.webp"}], "prices": [{"price": 34.95, "price_over_max_quantity": null, "max_quantity": null, "is_advertised": false, "is_campaign": false, "starting_at": "2012-01-01T00:00:00+00:00", "ending_at": "2099-12-31T00:00:00+00:00", "deposit": null, "compare_unit": "stk", "compare_unit_price": 34.95, "consumption_unit": null, "consumption_quantity": null}], "temperature_zone": null, "is_self_scale_item": false, "is_weight_item": false, "is_available_in_all_stores": true, "is_batch_item": false}
{"id": 633043, "name": "OSTESTRENGE", "underline": "3 STK. / OSTI", "age_limit": null, "hazard_precaution_statements": [], "labels": [], "description": null, "info": "", "images": [{"small": "https://rema-product-images.digital.rema1000.dk/633043/1-small-dyomYaMQoV.webp", "medium": "https://rema-product-images.digital.rema1000.dk/633043/1-medium-dyomYaMQoV.webp", "large": "https://rema-product-images.digital.rema1000.dk/633043/1-large-dyomYaMQoV.webp"}], "prices": [{"price": 14.95, "price_over_max_quantity": null, "max_quantity": null, "is_advertised": false, "is_campaign": false, "starting_at": "2012-01-01T00:00:00+00:00", "ending_at": "2099-12-31T00:00:00+00:00", "deposit": null, "compare_unit": "stk", "compare_unit_price": 4.98, "consumption_unit": null, "consumption_quantity": null}], "temperature_zone": null, "is_self_scale_item": false, "is_weight_item": false, "is_available_in_all_stores": true, "is_batch_item": false}
{"id": 633055, "name": "DRIKKEFLASKE ROSA", "underline": "1 STK. / PLAST MED SUGERØR OG HANK", "age_limit": null, "hazard_precaution_statements": [], "labels": [], "description": "420 ml", "info": "", "images": [{"small": "https://rema-product-images.digital.rema1000.dk/633055/1-small-A5qVlewMPa.webp", "medium": "https://rema-product-images.digital.rema1000.dk/633055/1-medium-A5qVlewMPa.webp", "large": "https://rema-product-images.digital.rema1000.dk/633055/1-large-A5qVlewMPa.webp"}], "prices": [{"price": 25, "price_over_max_quantity": null, "max_quantity": null, "is_advertised": false, "is_campaign": false, "starting_at": "2022-01-06T00:00:00+00:00", "ending_at": "2099-12-31T00:00:00+00:00", "deposit": null, "compare_unit": "stk", "compare_unit_price": 25, "consumption_unit": null, "consumption_quantity": null}], "temperature_zone": null, "is_self_scale_item": false, "is_weight_item": false, "is_available_in_all_stores": true, "is_batch_item": false}
{"id": 633056, "name": "DRIKKEFLASKE GRÅ", "underline": "1 STK. / PLAST MED SUGERØR OG HANK", "age_limit": null, "hazard_precaution_statements": [], "labels": [], "description": "420 ml", "info": "", "images": [{"small": "https://rema-product-images.digital.rema1000.dk/633056/1-small-18oXXe5nok.webp", "medium": "https://rema-product-images.digital.rema1000.dk/633056/1-medium-18oXXe5nok.webp", "large": "https://rema-product-images.digital.rema1000.dk/633056/1-large-18oXXe5nok.webp"}], "prices": [{"price": 25, "price_over_max_quantity": null, "max_quantity": null, "is_advertised": false, "is_campaign": false, "starting_at": "2022-01-06T00:00:00+00:00", "ending_at": "2099-12-31T00:00:00+00:00", "deposit": null, "compare_unit": "stk", "compare_unit_price": 25, "consumption_unit": null, "consumption_quantity": null}], "temperature_zone": null, "is_self_scale_item": false, "is_weight_item": false, "is_available_in_all_stores": true, "is_batch_item": false}
{"id": 63642, "name": "FULDKORNSKLEMMER", "underline": "420 GR. / PÅGEN", "age_limit": null, "hazard_precaution_statements": [], "labels": [{"id": 9001, "name": "Avisvare", "image": "https://static-assets.digital.rema1000.dk/product/labels/9001-64.webp"}, {"id": 40, "name": "Nøglehul", "image": "https://static-assets.digital.rema1000.dk/product/labels/40-64.webp"}, {"id": 43, "name": "Fuldkorn", "image": "https://static-assets.digital.rema1000.dk/product/labels/43-64.webp"}], "description": null, "info": "", "images": [{"small": "https://rema-product-images.digital.rema1000.dk/63642/1-small-A4PyVJnoLV.webp", "medium": "https://rema-product-images.digital.rema1000.dk/63642/1-medium-A4PyVJnoLV.webp", "large": "https://rema-product-images.digital.rema1000.dk/63642/1-large-A4PyVJnoLV.webp"}], "prices": [{"price": 15, "price_over_max_quantity": null, "max_quantity": null, "is_advertised": true, "is_campaign": true, "starting_at": "2025-08-17T00:00:00+00:00", "ending_at": "2025-08-23T00:00:00+00:00", "deposit": null, "compare_unit": "kg", "compare_unit_price": 35.71, "consumption_unit": null, "consumption_quantity": null}, {"price": 23.95, "price_over_max_quantity": null, "max_quantity": null, "is_advertised": false, "is_campaign": false, "starting_at": "2025-08-24T00:00:00+00:00", "ending_at": "2025-09-06T00:00:00+00:00", "deposit": null, "compare_unit": "kg", "compare_unit_price": 57.02, "consumption_unit": null, "consumption_quantity": null}], "temperature_zone": null, "is_self_scale_item": false, "is_weight_item": false, "is_available_in_all_stores": true, "is_batch_item": false}
{"id": 63655, "name": "FROKOSTSTYKKER", "underline": "400 GR. / PÅGEN", "age_limit": null, "hazard_precaution_statements": [], "labels": [{"id": 9001, "name": "Avisvare", "image": "https://static-assets.digital.rema1000.dk/product/labels/9001-64.webp"}], "description": null, "info": "", "images": [{"small": "https://rema-product-images.digital.rema1000.dk/63655/1-small-A5qV7nk9aQ.webp", "medium": "https://rema-product-images.digital.rema1000.dk/63655/1-medium-A5qV7nk9aQ.webp", "large": "https://rema-product-images.digital.rema1000.dk/63655/1-large-A5qV7nk9aQ.webp"}], "prices": [{"price": 15, "price_over_max_quantity": null, "max_quantity": null, "is_advertised": true, "is_campaign": true, "starting_at": "2025-08-17T00:00:00+00:00", "ending_at": "2025-08-23T00:00:00+00:00", "deposit": null, "compare_unit": "kg", "compare_unit_price": 37.5, "consumption_unit": null, "consumption_quantity": null}, {"price": 23.95, "price_over_max_quantity": null, "max_quantity": null, "is_advertised": false, "is_campaign": false, "starting_at": "2025-08-24T00:00:00+00:00", "ending_at": "2025-09-06T00:00:00+00:00", "deposit": null, "compare_unit": "kg", "compare_unit_price": 59.88, "consumption_unit": null, "consumption_quantity": null}], "temperature_zone": null, "is_self_scale_item": false, "is_weight_item": false, "is_available_in_all_stores": true, "is_batch_item": false}
{"id": 637186, "name": "TJENERVÆRKTØJ", "underline": "1 STK. / STÅL", "age_limit": null, "hazard_precaution_statements": [], "labels": [], "description": null, "info": "", "images": [{"small": "https://rema-product-images.digital.rema1000.dk/637186/1-small-A4Py5r2RPL.webp", "medium": "https://rema-product-images.digital.rema1000.dk/637186/1-medium-A4Py5r2RPL.webp", "large": "https://rema-product-images.digital.rema1000.dk/637186/1-large-A4Py5r2RPL.webp"}], "prices": [{"price": 30, "price_over_max_quantity": null, "max_quantity": null, "is_advertised": false, "is_campaign": false, "starting_at": "2020-05-07T00:00:00+00:00", "ending_at": "2099-12-31T00:00:00+00:00", "deposit": null, "compare_unit": "stk", "compare_unit_price": 30, "consumption_unit": null, "consumption_quantity": null}], "temperature_zone": null, "is_self_scale_item": false, "is_weight_item": false, "is_available_in_all_stores": false, "is_batch_item": false}
{"id": 63861, "name": "RUGBRØDSBOLLER", "underline": "500 GR. / KOHBERG", "age_limit": null, "hazard_precaution_statements": [], "labels": [{"id": 40, "name": "Nøglehul", "image": "https://static-assets.digital.rema1000.dk/product/labels/40-64.webp"}, {"id": 43, "name": "Fuldkorn", "image": "https://static-assets.digital.rema1000.dk/product/labels/43-64.webp"}], "description": null, "info": "", "images": [{"small": "https://rema-product-images.digital.rema1000.dk/63861/1-small-Z8qpnKGP3N.webp", "medium": "https://rema-product-images.digital.rema1000.dk/63861/1-medium-Z8qpnKGP3N.webp", "large": "https://rema-product-images.digital.rema1000.dk/63861/1-large-Z8qpnKGP3N.webp"}], "prices": [{"price": 23.95, "price_over_max_quantity": null, "max_quantity": null, "is_advertised": false, "is_campaign": false, "starting_at": "2024-02-15T00:00:00+00:00", "ending_at": "2025-08-23T00:00:00+00:00", "deposit": null, "compare_unit": "kg", "compare_unit_price": 47.9, "consumption_unit": null, "consumption_quantity": null}], "temperature_zone": null, "is_self_scale_item": false, "is_weight_item": false, "is_available_in_all_stores": true, "is_batch_item": false}
{"id": 640068, "name": "REFLEKSKRYDS", "underline": "1 STK. / MED SPÆNDE", "age_limit": null, "hazard_precaution_statements": [], "labels": [], "description": null, "info": "", "images": [{"small": "https://rema-product-images.digital.rema1000.dk/640068/1-small-vXod5Npmq3.webp", "medium": "https://rema-product-images.digital.rema1000.dk/640068/1-medium-vXod5Npmq3.webp", "large": "https://rema-product-images.digital.rema1000.dk/640068/1-large-vXod5Npmq3.webp"}], "prices": [{"price": 30, "price_over_max_quantity": null, "max_quantity": null, "is_advertised": false, "is_campaign": false, "starting_at": "2023-02-16T00:00:00+00:00", "ending_at": "2099-12-31T00:00:00+00:00", "deposit": null, "compare_unit": "stk", "compare_unit_price": 30, "consumption_unit": null, "consumption_quantity": null}], "temperature_zone": null, "is_self_scale_item": false, "is_weight_item": false, "is_available_in_all_stores": true, "is_batch_item": false}
{"id": 642012, "name": "CYKELLYGTESÆT", "underline": "1 STK.", "age_limit": null, "hazard_precaution_statements": [], "labels": [], "description": "LED cykellygter Forlygte: Hvid med sort elastik, hvid LED Baglygte: Rød med sort elastik, rød LED Inkl. batterier: 4xCR2025 Brugstid minimum 5 timer", "info": "", "images": [{"small": "https://rema-product-images.digital.rema1000.dk/642012/1-small-18oXX28Jok.webp", "medium": "https://rema-product-images.digital.rema1000.dk/642012/1-medium-18oXX28Jok.webp", "large": "https://rema-product-images.digital.rema1000.dk/642012/1-large-18oXX28Jok.webp"}], "prices": [{"price": 30, "price_over_max_quantity": null, "max_quantity": null, "is_advertised": false, "is_campaign": false, "starting_at": "2016-02-09T00:00:00+00:00", "ending_at": "2025-09-13T00:00:00+00:00", "deposit": null, "compare_unit": "stk", "compare_unit_price": 30, "consumption_unit": null, "consumption_quantity": null}], "temperature_zone": null, "is_self_scale_item": false, "is_weight_item": false, "is_available_in_all_stores": true, "is_batch_item": false}
{"id": 64710, "name": "FRANSK HOTDOG", "underline": "180 GR. / HATTING", "age_limit": null, "hazard_precaution_statements": [], "labels": [{"id": 40, "name": "Nøglehul", "image": "https://static-assets.digital.rema1000.dk/product/labels/40-64.webp"}], "description": null, "info": "", "images": [{"small": "https://rema-product-images.digital.rema1000.dk/64710/1-small-Al90OBRq8w.webp", "medium": "https://rema-product-images.digital.rema1000.dk/64710/1-medium-Al90OBRq8w.webp", "large": "https://rema-product-images.digital.rema1000.dk/64710/1-large-Al90OBRq8w.webp"}], "prices": [{"price": 13, "price_over_max_quantity": null, "max_quantity": null, "is_advertised": false, "is_campaign": false, "starting_at": "2025-07-03T00:00:00+00:00", "ending_at": "2099-12-31T00:00:00+00:00", "deposit": null, "compare_unit": "kg", "compare_unit_price": 72.22, "consumption_unit": null, "consumption_quantity": null}], "temperature_zone": null, "is_self_scale_item": false, "is_weight_item": false, "is_available_in_all_stores": false, "is_batch_item": false}
{"id": 64746, "name": "FULDKORNS BOLLER", "underline": "470 GR. / LEVEBRØD", "age_limit": null, "hazard_precaution_statements": [], "labels": [{"id": 40, "name": "Nøglehul", "image": "https://static-assets.digital.rema1000.dk/product/labels/40-64.webp"}, {"id": 43, "name": "Fuldkorn", "image": "https://static-assets.digital.rema1000.dk/product/labels/43-64.webp"}], "description": null, "info": "", "images": [{"small": "https://rema-product-images.digital.rema1000.dk/64746/1-small-kAonZL5ox8.webp", "medium": "https://rema-product-images.digital.rema1000.dk/64746/1-medium-kAonZL5ox8.webp", "large": "https://rema-product-images.digital.rema1000.dk/64746/1-large-kAonZL5ox8.webp"}], "prices": [{"price": 25.5, "price_over_max_quantity": null, "max_quantity": null, "is_advertised": false, "is_campaign": false, "starting_at": "2025-07-03T00:00:00+00:00", "ending_at": "2025-09-13T00:00:00+00:00", "deposit": null, "compare_unit": "kg", "compare_unit_price": 54.26, "consumption_unit": null, "consumption_quantity": null}], "temperature_zone": null, "is_self_scale_item": false, "is_weight_item": false, "is_available_in_all_stores": true, "is_batch_item": false}
{"id": 650129, "name": "SPRINKLERVÆSKE", "underline": "4 LTR. / REMA 1000", "age_limit": null, "hazard_precaution_statements": [], "labels": [{"id": 2, "name": "REMA1000", "image": "https://static-assets.digital.rema1000.dk/product/labels/2-64.webp"}], "description": null, "info": "", "images": [{"small": "https://rema-product-images.digital.rema1000.dk/650129/1-small-pYqxMWO491.webp", "medium": "https://rema-product-images.digital.rema1000.dk/650129/1-medium-pYqxMWO491.webp", "large": "https://rema-product-images.digital.rema1000.dk/650129/1-large-pYqxMWO491.webp"}], "prices": [{"price": 35.5, "price_over_max_quantity": null, "max_quantity": null, "is_advertised": false, "is_campaign": false, "starting_at": "2022-09-29T00:00:00+00:00", "ending_at": "2025-09-13T00:00:00+00:00", "deposit": null, "compare_unit": "ltr", "compare_unit_price": 8.88, "consumption_unit": null, "consumption_quantity": null}], "temperature_zone": null, "is_self_scale_item": false, "is_weight_item": false, "is_available_in_all_stores": true, "is_batch_item": false}
{"id": 651048, "name": "ISFJERNER", "underline": "500 ML. / ALASKA MED SPRAYPUMPE", "age_limit": null, "hazard_precaution_statements": ["Meget brandfarlig væske og damp.", "Forårsager alvorlig øjenirritation.", "Kan forårsage sløvhed eller svimmelhed.", "Gentagen kontakt kan give tør eller revnet hud.", "Opbevares på et godt ventileret sted. Hold beholderen tæt lukket.", "Indholdet/beholderen bortskaffes i overensstemmelse med lokale regler"], "labels": [], "description": null, "info": "", "images": [{"small": "https://rema-product-images.digital.rema1000.dk/651048/1-small-OJq5El1nqp.webp", "medium": "https://rema-product-images.digital.rema1000.dk/651048/1-medium-OJq5El1nqp.webp", "large": "https://rema-product-images.digital.rema1000.dk/651048/1-large-OJq5El1nqp.webp"}], "prices": [{"price": 25, "price_over_max_quantity": null, "max_quantity": null, "is_advertised": false, "is_campaign": false, "starting_at": "2022-12-01T00:00:00+00:00", "ending_at": "2099-12-31T00:00:00+00:00", "deposit": null, "compare_unit": "ltr", "compare_unit_price": 50, "consumption_unit": null, "consumption_quantity": null}], "temperature_zone": null, "is_self_scale_item": false, "is_weight_item": false, "is_available_in_all_stores": true, "is_batch_item": false}
{"id": 651054, "name": "ISSKRABER", "underline": "1 STK. / ALASKA VENDBART BLAD", "age_limit": null, "hazard_precaution_statements": [], "labels": [], "description": null, "info": "", "images": [{"small": "https://rema-product-images.digital.rema1000.dk/651054/1-small-Al90KlZRq8.webp", "medium": "https://rema-product-images.digital.rema1000.dk/651054/1-medium-Al90KlZRq8.webp", "large": "https://rema-product-images.digital.rema1000.dk/651054/1-large-Al90KlZRq8.webp"}], "prices": [{"price": 20, "price_over_max_quantity": null, "max_quantity": null, "is_advertised": false, "is_campaign": false, "starting_at": "2021-12-07T00:00:00+00:00", "ending_at": "2099-12-31T00:00:00+00:00", "deposit": null, "compare_unit": "stk", "compare_unit_price": 20, "consumption_unit": null, "consumption_quantity": null}], "temperature_zone": null, "is_self_scale_item": false, "is_weight_item": false, "is_available_in_all_stores": false, "is_batch_item": false}
{"id": 66029, "name": "ORIGINAL BURGER", "underline": "320 GR. / HATTING", "age_limit": null, "hazard_precaution_statements": [], "labels": [], "description": null, "info": "", "images": [{"small": "https://rema-product-images.digital.rema1000.dk/66029/1-small-pYqxNA4P1L.webp", "medium": "https://rema-product-images.digital.rema1000.dk/66029/1-medium-pYqxNA4P1L.webp", "large": "https://rema-product-images.digital.rema1000.dk/66029/1-large-pYqxNA4P1L.webp"}], "prices": [{"price": 20.95, "price_over_max_quantity": null, "max_quantity": null, "is_advertised": false, "is_campaign": false, "starting_at": "2025-07-03T00:00:00+00:00", "ending_at": "2099-12-31T00:00:00+00:00", "deposit": null, "compare_unit": "kg", "compare_unit_price": 65.47, "consumption_unit": null, "consumption_quantity": null}], "temperature_zone": null, "is_self_scale_item": false, "is_weight_item": false, "is_available_in_all_stores": true, "is_batch_item": false}
{"id": 660349, "name": "STOFFLAG 45 CM", "underline": "2 STK.", "age_limit": null, "hazard_precaution_statements": [], "labels": [], "description": null, "info": "", "images": [{"small": "https://rema-product-images.digital.rema1000.dk/660349/1-small-xQq8kJVzoZ.webp", "medium": "https://rema-product-images.digital.rema1000.dk/660349/1-medium-xQq8kJVzoZ.webp", "large": "https://rema-product-images.digital.rema1000.dk/660349/1-large-xQq8kJVzoZ.webp"}], "prices": [{"price": 19, "price_over_max_quantity": null, "max_quantity": null, "is_advertised": false, "is_campaign": false, "starting_at": "2021-09-02T00:00:00+00:00", "ending_at": "2099-12-31T00:00:00+00:00", "deposit": null, "compare_unit": "stk", "compare_unit_price": 9.5, "consumption_unit": null, "consumption_quantity": null}], "temperature_zone": null, "is_self_scale_item": false, "is_weight_item": false, "is_available_in_all_stores": true, "is_batch_item": false}
{"id": 66035, "name": "FULDKORN BURGER", "underline": "320 GR. / HATTING", "age_limit": null, "hazard_precaution_statements": [], "labels": [{"id": 40, "name": "Nøglehul", "image": "https://static-assets.digital.rema1000.dk/product/labels/40-64.webp"}, {"id": 43, "name": "Fuldkorn", "image": "https://static-assets.digital.rema1000.dk/product/labels/43-64.webp"}], "description": null, "info": "", "images": [{"small": "https://rema-product-images.digital.rema1000.dk/66035/1-small-Gb9k1Vvo75.webp", "medium": "https://rema-product-images.digital.rema1000.dk/66035/1-medium-Gb9k1Vvo75.webp", "large": "https://rema-product-images.digital.rema1000.dk/66035/1-large-Gb9k1Vvo75.webp"}], "prices": [{"price": 20.95, "price_over_max_quantity": null, "max_quantity": null, "is_advertised": false, "is_campaign": false, "starting_at": "2025-07-03T00:00:00+00:00", "ending_at": "2099-12-31T00:00:00+00:00", "deposit": null, "compare_unit": "kg", "compare_unit_price": 65.47, "consumption_unit": null, "consumption_quantity": null}], "temperature_zone": null, "is_self_scale_item": false, "is_weight_item": false, "is_available_in_all_stores": true, "is_batch_item": false}
{"id": 66036, "name": "BRIOCHE BURGER", "underline": "320 GR. / HATTING", "age_limit": null, "hazard_precaution_statements": [], "labels": [], "description": null, "info": "", "images": [{"small": "https://rema-product-images.digital.rema1000.dk/66036/1-small-7doLarWq6r.webp", "medium": "https://rema-product-images.digital.rema1000.dk/66036/1-medium-7doLarWq6r.webp", "large": "https://rema-product-images.digital.rema1000.dk/66036/1-large-7doLarWq6r.webp"}], "prices": [{"price": 20, "price_over_max_quantity": null, "max_quantity": null, "is_advertised": false, "is_campaign": true, "starting_at": "2025-07-03T00:00:00+00:00", "ending_at": "2025-08-30T00:00:00+00:00", "deposit": null, "compare_unit": "kg", "compare_unit_price": 62.5, "consumption_unit": null, "consumption_quantity": null}], "temperature_zone": null, "is_self_scale_item": false, "is_weight_item": false, "is_available_in_all_stores": false, "is_batch_item": false}
{"id": 660406, "name": "BORDFLAG", "underline": "2 STK. / TRÆ", "age_limit": null, "hazard_precaution_statements": [], "labels": [], "description": null, "info": "", "images": [{"small": "https://rema-product-images.digital.rema1000.dk/660406/1-small-vVorAOg4P3.webp", "medium": "https://rema-product-images.digital.rema1000.dk/660406/1-medium-vVorAOg4P3.webp", "large": "https://rema-product-images.digital.rema1000.dk/660406/1-large-vVorAOg4P3.webp"}], "prices": [{"price": 25, "price_over_max_quantity": null, "max_quantity": null, "is_advertised": false, "is_campaign": false, "starting_at": "2011-10-27T00:00:00+00:00", "ending_at": "2099-12-31T00:00:00+00:00", "deposit": null, "compare_unit": "stk", "compare_unit_price": 12.5, "consumption_unit": null, "consumption_quantity": null}], "temperature_zone": null, "is_self_scale_item": false, "is_weight_item": false, "is_available_in_all_stores": true, "is_batch_item": false}
{"id": 661040, "name": "BLOMSTERKORT", "underline": "1 STK. / 9X12 CM M/KUVERT", "age_limit": null, "hazard_precaution_statements": [], "labels": [], "description": null, "info": "", "images": [{"small": "https://rema-product-images.digital.rema1000.dk/661040/1-small-rQqQdJy2oe.webp", "medium": "https://rema-product-images.digital.rema1000.dk/661040/1-medium-rQqQdJy2oe.webp", "large": "https://rema-product-images.digital.rema1000.dk/661040/1-large-rQqQdJy2oe.webp"}], "prices": [{"price": 5, "price_over_max_quantity": null, "max_quantity": null, "is_advertised": false, "is_campaign": false, "starting_at": "2021-09-08T00:00:00+00:00", "ending_at": "2099-12-31T00:00:00+00:00", "deposit": null, "compare_unit": "stk", "compare_unit_price": 5, "consumption_unit": null, "consumption_quantity": null}], "temperature_zone": null, "is_self_scale_item": false, "is_weight_item": false, "is_available_in_all_stores": true, "is_batch_item": false}
{"id": 662118, "name": "DUFT DIFFUSER", "underline": "1 STK. / SANDAL WOOD", "age_limit": null, "hazard_precaution_statements": [], "labels": [], "description": null, "info": "", "images": [{"small": "https://rema-product-images.digital.rema1000.dk/662118/1-small-2B9405bM9k.webp", "medium": "https://rema-product-images.digital.rema1000.dk/662118/1-medium-2B9405bM9k.webp", "large": "https://rema-product-images.digital.rema1000.dk/662118/1-large-2B9405bM9k.webp"}], "prices": [{"price": 29, "price_over_max_quantity": null, "max_quantity": null, "is_advertised": false, "is_campaign": false, "starting_at": "2024-05-27T00:00:00+00:00", "ending_at": "2099-12-31T00:00:00+00:00", "deposit": null, "compare_unit": "stk", "compare_unit_price": 29, "consumption_unit": null, "consumption_quantity": null}], "temperature_zone": null, "is_self_scale_item": false, "is_weight_item": false, "is_available_in_all_stores": true, "is_batch_item": false}
{"id": 670282, "name": "FROST BOKSE 300 ML", "underline": "4 STK. / HELSINKI PLAST", "age_limit": null, "hazard_precaution_statements": [], "labels": [], "description": null, "info": "", "images": [{"small": "https://rema-product-images.digital.rema1000.dk/670282/1-small-MBoNjW6Rov.webp", "medium": "https://rema-product-images.digital.rema1000.dk/670282/1-medium-MBoNjW6Rov.webp", "large": "https://rema-product-images.digital.rema1000.dk/670282/1-large-MBoNjW6Rov.webp"}], "prices": [{"price": 21.5, "price_over_max_quantity": null, "max_quantity": null, "is_advertised": false, "is_campaign": false, "starting_at": "2022-09-01T00:00:00+00:00", "ending_at": "2099-12-31T00:00:00+00:00", "deposit": null, "compare_unit": "stk", "compare_unit_price": 5.38, "consumption_unit": null, "consumption_quantity": null}], "temperature_zone": null, "is_self_scale_item": false, "is_weight_item": false, "is_available_in_all_stores": true, "is_batch_item": false}
{"id": 670284, "name": "FROST BOKSE 800 ML", "underline": "3 STK. / HELSINKI  PLAST", "age_limit": null, "hazard_precaution_statements": [], "labels": [], "description": null, "info": "", "images": [{"small": "https://rema-product-images.digital.rema1000.dk/670284/1-small-rQqQdkzMoe.webp", "medium": "https://rema-product-images.digital.rema1000.dk/670284/1-medium-rQqQdkzMoe.webp", "large": "https://rema-product-images.digital.rema1000.dk/670284/1-large-rQqQdkzMoe.webp"}], "prices": [{"price": 21.5, "price_over_max_quantity": null, "max_quantity": null, "is_advertised": false, "is_campaign": false, "starting_at": "2022-09-01T00:00:00+00:00", "ending_at": "2099-12-31T00:00:00+00:00", "deposit": null, "compare_unit": "stk", "compare_unit_price": 7.17, "consumption_unit": null, "consumption_quantity": null}], "temperature_zone": null, "is_self_scale_item": false, "is_weight_item": false, "is_available_in_all_stores": true, "is_batch_item": false}
{"id": 670285, "name": "FROST BOKSE 1400 ML", "underline": "2 STK. / HELSINKI PLAST", "age_limit": null, "hazard_precaution_statements": [], "labels": [], "description": null, "info": "", "images": [{"small": "https://rema-product-images.digital.rema1000.dk/670285/1-small-we9EBZ6JPg.webp", "medium": "https://rema-product-images.digital.rema1000.dk/670285/1-medium-we9EBZ6JPg.webp", "large": "https://rema-product-images.digital.rema1000.dk/670285/1-large-we9EBZ6JPg.webp"}], "prices": [{"price": 21.5, "price_over_max_quantity": null, "max_quantity": null, "is_advertised": false, "is_campaign": false, "starting_at": "2022-09-01T00:00:00+00:00", "ending_at": "2099-12-31T00:00:00+00:00", "deposit": null, "compare_unit": "stk", "compare_unit_price": 10.75, "consumption_unit": null, "consumption_quantity": null}], "temperature_zone": null, "is_self_scale_item": false, "is_weight_item": false, "is_available_in_all_stores": true, "is_batch_item": false}
{"id": 670286, "name": "FROST BOKS 3000 ML", "underline": "1 STK. / HELSINKI PLAST", "age_limit": null, "hazard_precaution_statements": [], "labels": [], "description": null, "info": "", "images": [{"small": "https://rema-product-images.digital.rema1000.dk/670286/1-small-A4Py5JZLPL.webp", "medium": "https://rema-product-images.digital.rema1000.dk/670286/1-medium-A4Py5JZLPL.webp", "large": "https://rema-product-images.digital.rema1000.dk/670286/1-large-A4Py5JZLPL.webp"}], "prices": [{"price": 21.5, "price_over_max_quantity": null, "max_quantity": null, "is_advertised": false, "is_campaign": false, "starting_at": "2022-09-01T00:00:00+00:00", "ending_at": "2099-12-31T00:00:00+00:00", "deposit": null, "compare_unit": "stk", "compare_unit_price": 21.5, "consumption_unit": null, "consumption_quantity": null}], "temperature_zone": null, "is_self_scale_item": false, "is_weight_item": false, "is_available_in_all_stores": true, "is_batch_item": false}
{"id": 670356, "name": "SPAND 10 LTR", "underline": "1 STK. / GENANVENDT PLAST", "age_limit": null, "hazard_precaution_statements": [], "labels": [], "description": null, "info": "", "images": [{"small": "https://rema-product-images.digital.rema1000.dk/670356/1-small-18oXXmAYok.webp", "medium": "https://rema-product-images.digital.rema1000.dk/670356/1-medium-18oXXmAYok.webp", "large": "https://rema-product-images.digital.rema1000.dk/670356/1-large-18oXXmAYok.webp"}], "prices": [{"price": 18.95, "price_over_max_quantity": null, "max_quantity": null, "is_advertised": false, "is_campaign": false, "starting_at": "2022-08-04T00:00:00+00:00", "ending_at": "2099-12-31T00:00:00+00:00", "deposit": null, "compare_unit": "stk", "compare_unit_price": 18.95, "consumption_unit": null, "consumption_quantity": null}], "temperature_zone": null, "is_self_scale_item": false, "is_weight_item": false, "is_available_in_all_stores": false, "is_batch_item": false}
{"id": 670357, "name": "BALJE 8 LTR", "underline": "1 STK. / GENANVENDT PLAST", "age_limit": null, "hazard_precaution_statements": [], "labels": [], "description": null, "info": "", "images": [{"small": "https://rema-product-images.digital.rema1000.dk/670357/1-small-wyPbnvJMPE.webp", "medium": "https://rema-product-images.digital.rema1000.dk/670357/1-medium-wyPbnvJMPE.webp", "large": "https://rema-product-images.digital.rema1000.dk/670357/1-large-wyPbnvJMPE.webp"}], "prices": [{"price": 16.95, "price_over_max_quantity": null, "max_quantity": null, "is_advertised": false, "is_campaign": false, "starting_at": "2022-02-17T00:00:00+00:00", "ending_at": "2099-12-31T00:00:00+00:00", "deposit": null, "compare_unit": "stk", "compare_unit_price": 16.95, "consumption_unit": null, "consumption_quantity": null}], "temperature_zone": null, "is_self_scale_item": false, "is_weight_item": false, "is_available_in_all_stores": true, "is_batch_item": false}
{"id": 672833, "name": "FLUESMÆKKER", "underline": "1 STK.", "age_limit": null, "hazard_precaution_statements": [], "labels": [], "description": null, "info": "", "images": [{"small": "https://rema-product-images.digital.rema1000.dk/672833/1-small-YLPj0J85qk.webp", "medium": "https://rema-product-images.digital.rema1000.dk/672833/1-medium-YLPj0J85qk.webp", "large": "https://rema-product-images.digital.rema1000.dk/672833/1-large-YLPj0J85qk.webp"}], "prices": [{"price": 5, "price_over_max_quantity": null, "max_quantity": null, "is_advertised": false, "is_campaign": false, "starting_at": "2014-08-26T00:00:00+00:00", "ending_at": "2099-12-31T00:00:00+00:00", "deposit": null, "compare_unit": "stk", "compare_unit_price": 5, "consumption_unit": null, "consumption_quantity": null}], "temperature_zone": null, "is_self_scale_item": false, "is_weight_item": false, "is_available_in_all_stores": false, "is_batch_item": false}
{"id": 680022, "name": "VENDBAR STAGE FARVET", "underline": "1 STK. / GLAS", "age_limit": null, "hazard_precaution_statements": [], "labels": [], "description": null, "info": "", "images": [{"small": "https://rema-product-images.digital.rema1000.dk/680022/1-small-pyoz8xRp9X.webp", "medium": "https://rema-product-images.digital.rema1000.dk/680022/1-medium-pyoz8xRp9X.webp", "large": "https://rema-product-images.digital.rema1000.dk/680022/1-large-pyoz8xRp9X.webp"}], "prices": [{"price": 20, "price_over_max_quantity": null, "max_quantity": null, "is_advertised": false, "is_campaign": false, "starting_at": "2022-09-23T00:00:00+00:00", "ending_at": "2099-12-31T00:00:00+00:00", "deposit": null, "compare_unit": "stk", "compare_unit_price": 20, "consumption_unit": null, "consumption_quantity": null}], "temperature_zone": null, "is_self_scale_item": false, "is_weight_item": false, "is_available_in_all_stores": true, "is_batch_item": false}
{"id": 680027, "name": "FLAD STAGE I GLAS", "underline": "1 STK. / KLAR", "age_limit": null, "hazard_precaution_statements": [], "labels": [], "description": null, "info": "", "images": [{"small": "https://rema-product-images.digital.rema1000.dk/680027/1-small-OW9Oyxlyog.webp", "medium": "https://rema-product-images.digital.rema1000.dk/680027/1-medium-OW9Oyxlyog.webp", "large": "https://rema-product-images.digital.rema1000.dk/680027/1-large-OW9Oyxlyog.webp"}], "prices": [{"price": 20, "price_over_max_quantity": null, "max_quantity": null, "is_advertised": false, "is_campaign": false, "starting_at": "2022-09-23T00:00:00+00:00", "ending_at": "2099-12-31T00:00:00+00:00", "deposit": null, "compare_unit": "stk", "compare_unit_price": 20, "consumption_unit": null, "consumption_quantity": null}], "temperature_zone": null, "is_self_scale_item": false, "is_weight_item": false, "is_available_in_all_stores": true, "is_batch_item": false}
{"id": 687736, "name": "FOLIEBALLON H84 CM", "underline": "1 STK. / HAPPY BIRTHDAY  ROSEGOLD", "age_limit": null, "hazard_precaution_statements": [], "labels": [], "description": null, "info": "", "images": [{"small": "https://rema-product-images.digital.rema1000.dk/687736/1-small-7doLK7A1P6.webp", "medium": "https://rema-product-images.digital.rema1000.dk/687736/1-medium-7doLK7A1P6.webp", "large": "https://rema-product-images.digital.rema1000.dk/687736/1-large-7doLK7A1P6.webp"}], "prices": [{"price": 12, "price_over_max_quantity": null, "max_quantity": null, "is_advertised": false, "is_campaign": false, "starting_at": "2023-11-09T00:00:00+00:00", "ending_at": "2099-12-31T00:00:00+00:00", "deposit": null, "compare_unit": "stk", "compare_unit_price": 12, "consumption_unit": null, "consumption_quantity": null}], "temperature_zone": null, "is_self_scale_item": false, "is_weight_item": false, "is_available_in_all_stores": true, "is_batch_item": false}
{"id": 688749, "name": "CELLOFAN 3 MTR", "underline": "3 MTR. / MED PRINT", "age_limit": null, "hazard_precaution_statements": [], "labels": [], "description": null, "info": "", "images": [{"small": "https://rema-product-images.digital.rema1000.dk/688749/1-small-xQq8EVJ29Z.webp", "medium": "https://rema-product-images.digital.rema1000.dk/688749/1-medium-xQq8EVJ29Z.webp", "large": "https://rema-product-images.digital.rema1000.dk/688749/1-large-xQq8EVJ29Z.webp"}], "prices": [{"price": 12, "price_over_max_quantity": null, "max_quantity": null, "is_advertised": false, "is_campaign": false, "starting_at": "2023-01-05T00:00:00+00:00", "ending_at": "2099-12-31T00:00:00+00:00", "deposit": null, "compare_unit": "mtr", "compare_unit_price": 4, "consumption_unit": null, "consumption_quantity": null}], "temperature_zone": null, "is_self_scale_item": false, "is_weight_item": false, "is_available_in_all_stores": true, "is_batch_item": false}
{"id": 688751, "name": "STRØFLAG I TRÆ", "underline": "50 STK. / 50-PK", "age_limit": null, "hazard_precaution_statements": [], "labels": [], "description": null, "info": "", "images": [{"small": "https://rema-product-images.digital.rema1000.dk/688751/1-small-v09g8jADPA.webp", "medium": "https://rema-product-images.digital.rema1000.dk/688751/1-medium-v09g8jADPA.webp", "large": "https://rema-product-images.digital.rema1000.dk/688751/1-large-v09g8jADPA.webp"}], "prices": [{"price": 12, "price_over_max_quantity": null, "max_quantity": null, "is_advertised": false, "is_campaign": false, "starting_at": "2021-04-08T00:00:00+00:00", "ending_at": "2099-12-31T00:00:00+00:00", "deposit": null, "compare_unit": "stk", "compare_unit_price": 0.24, "consumption_unit": null, "consumption_quantity": null}], "temperature_zone": null, "is_self_scale_item": false, "is_weight_item": false, "is_available_in_all_stores": true, "is_batch_item": false}
{"id": 688753, "name": "VINPOSE", "underline": "2 PK. / 12X39X10 CM", "age_limit": null, "hazard_precaution_statements": [], "labels": [], "description": null, "info": "", "images": [{"small": "https://rema-product-images.digital.rema1000.dk/688753/1-small-aboKK7JWop.webp", "medium": "https://rema-product-images.digital.rema1000.dk/688753/1-medium-aboKK7JWop.webp", "large": "https://rema-product-images.digital.rema1000.dk/688753/1-large-aboKK7JWop.webp"}], "prices": [{"price": 15, "price_over_max_quantity": null, "max_quantity": null, "is_advertised": false, "is_campaign": false, "starting_at": "2022-05-31T00:00:00+00:00", "ending_at": "2099-12-31T00:00:00+00:00", "deposit": null, "compare_unit": "pk", "compare_unit_price": 7.5, "consumption_unit": null, "consumption_quantity": null}], "temperature_zone": null, "is_self_scale_item": false, "is_weight_item": false, "is_available_in_all_stores": true, "is_batch_item": false}
{"id": 688829, "name": "GAVEPAPIR 4", "underline": "3 MTR. / 70 GSM", "age_limit": null, "hazard_precaution_statements": [], "labels": [], "description": null, "info": "", "images": [{"small": "https://rema-product-images.digital.rema1000.dk/688829/1-small-pYqxQKOJ91.webp", "medium": "https://rema-product-images.digital.rema1000.dk/688829/1-medium-pYqxQKOJ91.webp", "large": "https://rema-product-images.digital.rema1000.dk/688829/1-large-pYqxQKOJ91.webp"}, {"small": "https://rema-product-images.digital.rema1000.dk/688829/2-small-pYqxQKOJ91.webp", "medium": "https://rema-product-images.digital.rema1000.dk/688829/2-medium-pYqxQKOJ91.webp", "large": "https://rema-product-images.digital.rema1000.dk/688829/2-large-pYqxQKOJ91.webp"}], "prices": [{"price": 12.95, "price_over_max_quantity": null, "max_quantity": null, "is_advertised": false, "is_campaign": false, "starting_at": "2022-04-28T00:00:00+00:00", "ending_at": "2099-12-31T00:00:00+00:00", "deposit": null, "compare_unit": "mtr", "compare_unit_price": 4.32, "consumption_unit": null, "consumption_quantity": null}], "temperature_zone": null, "is_self_scale_item": false, "is_weight_item": false, "is_available_in_all_stores": true, "is_batch_item": false}
{"id": 688830, "name": "GAVEPOSE", "underline": "3 STK. / MED KLÆB", "age_limit": null, "hazard_precaution_statements": [], "labels": [], "description": null, "info": "", "images": [{"small": "https://rema-product-images.digital.rema1000.dk/688830/1-small-869Dnx03oM.webp", "medium": "https://rema-product-images.digital.rema1000.dk/688830/1-medium-869Dnx03oM.webp", "large": "https://rema-product-images.digital.rema1000.dk/688830/1-large-869Dnx03oM.webp"}], "prices": [{"price": 10, "price_over_max_quantity": null, "max_quantity": null, "is_advertised": false, "is_campaign": false, "starting_at": "2022-07-05T00:00:00+00:00", "ending_at": "2099-12-31T00:00:00+00:00", "deposit": null, "compare_unit": "stk", "compare_unit_price": 3.33, "consumption_unit": null, "consumption_quantity": null}], "temperature_zone": null, "is_self_scale_item": false, "is_weight_item": false, "is_available_in_all_stores": false, "is_batch_item": false}
{"id": 688831, "name": "SERPENTINER MED FLAG", "underline": "2 STK. / 3 METER", "age_limit": null, "hazard_precaution_statements": [], "labels": [], "description": null, "info": "", "images": [{"small": "https://rema-product-images.digital.rema1000.dk/688831/1-small-01q2R8Odq7.webp", "medium": "https://rema-product-images.digital.rema1000.dk/688831/1-medium-01q2R8Odq7.webp", "large": "https://rema-product-images.digital.rema1000.dk/688831/1-large-01q2R8Odq7.webp"}], "prices": [{"price": 12, "price_over_max_quantity": null, "max_quantity": null, "is_advertised": false, "is_campaign": false, "starting_at": "2022-07-15T00:00:00+00:00", "ending_at": "2099-12-31T00:00:00+00:00", "deposit": null, "compare_unit": "stk", "compare_unit_price": 6, "consumption_unit": null, "consumption_quantity": null}], "temperature_zone": null, "is_self_scale_item": false, "is_weight_item": false, "is_available_in_all_stores": true, "is_batch_item": false}
{"id": 688833, "name": "FOLIEBALLON", "underline": "1 STK. / MED DRAGE H69 CM", "age_limit": null, "hazard_precaution_statements": [], "labels": [], "description": null, "info": "", "images": [{"small": "https://rema-product-images.digital.rema1000.dk/688833/1-small-YLPjNnbWPk.webp", "medium": "https://rema-product-images.digital.rema1000.dk/688833/1-medium-YLPjNnbWPk.webp", "large": "https://rema-product-images.digital.rema1000.dk/688833/1-large-YLPjNnbWPk.webp"}], "prices": [{"price": 10, "price_over_max_quantity": null, "max_quantity": null, "is_advertised": false, "is_campaign": false, "starting_at": "2022-07-15T00:00:00+00:00", "ending_at": "2099-12-31T00:00:00+00:00", "deposit": null, "compare_unit": "stk", "compare_unit_price": 10, "consumption_unit": null, "consumption_quantity": null}], "temperature_zone": null, "is_self_scale_item": false, "is_weight_item": false, "is_available_in_all_stores": true, "is_batch_item": false}
{"id": 688834, "name": "FOLIEBBALON", "underline": "1 STK. / ENHJØRNING D45 CM", "age_limit": null, "hazard_precaution_statements": [], "labels": [], "description": null, "info": "", "images": [{"small": "https://rema-product-images.digital.rema1000.dk/688834/1-small-yLqG8Ymw9d.webp", "medium": "https://rema-product-images.digital.rema1000.dk/688834/1-medium-yLqG8Ymw9d.webp", "large": "https://rema-product-images.digital.rema1000.dk/688834/1-large-yLqG8Ymw9d.webp"}], "prices": [{"price": 10, "price_over_max_quantity": null, "max_quantity": null, "is_advertised": false, "is_campaign": false, "starting_at": "2022-07-15T00:00:00+00:00", "ending_at": "2099-12-31T00:00:00+00:00", "deposit": null, "compare_unit": "stk", "compare_unit_price": 10, "consumption_unit": null, "consumption_quantity": null}], "temperature_zone": null, "is_self_scale_item": false, "is_weight_item": false, "is_available_in_all_stores": true, "is_batch_item": false}
{"id": 688836, "name": "KAGEFLAG", "underline": "6 STK. / MED PIND", "age_limit": null, "hazard_precaution_statements": [], "labels": [], "description": null, "info": "", "images": [{"small": "https://rema-product-images.digital.rema1000.dk/688836/1-small-7doLK741P6.webp", "medium": "https://rema-product-images.digital.rema1000.dk/688836/1-medium-7doLK741P6.webp", "large": "https://rema-product-images.digital.rema1000.dk/688836/1-large-7doLK741P6.webp"}], "prices": [{"price": 25, "price_over_max_quantity": null, "max_quantity": null, "is_advertised": false, "is_campaign": false, "starting_at": "2022-07-15T00:00:00+00:00", "ending_at": "2099-12-31T00:00:00+00:00", "deposit": null, "compare_unit": "stk", "compare_unit_price": 4.17, "consumption_unit": null, "consumption_quantity": null}], "temperature_zone": null, "is_self_scale_item": false, "is_weight_item": false, "is_available_in_all_stores": true, "is_batch_item": false}
{"id": 688837, "name": "BALLON PAKKE", "underline": "6 STK. / KROM, BLÅ, GRØN OG SØLV", "age_limit": null, "hazard_precaution_statements": [], "labels": [], "description": null, "info": "", "images": [{"small": "https://rema-product-images.digital.rema1000.dk/688837/1-small-JzPJE7Ab9k.webp", "medium": "https://rema-product-images.digital.rema1000.dk/688837/1-medium-JzPJE7Ab9k.webp", "large": "https://rema-product-images.digital.rema1000.dk/688837/1-large-JzPJE7Ab9k.webp"}], "prices": [{"price": 19, "price_over_max_quantity": null, "max_quantity": null, "is_advertised": false, "is_campaign": false, "starting_at": "2022-07-15T00:00:00+00:00", "ending_at": "2099-12-31T00:00:00+00:00", "deposit": null, "compare_unit": "stk", "compare_unit_price": 3.17, "consumption_unit": null, "consumption_quantity": null}], "temperature_zone": null, "is_self_scale_item": false, "is_weight_item": false, "is_available_in_all_stores": true, "is_batch_item": false}
{"id": 688839, "name": "FOLIEBALLON MED FOD", "underline": "1 STK. / LAGKAGE", "age_limit": null, "hazard_precaution_statements": [], "labels": [], "description": null, "info": "", "images": [{"small": "https://rema-product-images.digital.rema1000.dk/688839/1-small-zOPlLmRWPR.webp", "medium": "https://rema-product-images.digital.rema1000.dk/688839/1-medium-zOPlLmRWPR.webp", "large": "https://rema-product-images.digital.rema1000.dk/688839/1-large-zOPlLmRWPR.webp"}], "prices": [{"price": 19, "price_over_max_quantity": null, "max_quantity": null, "is_advertised": false, "is_campaign": false, "starting_at": "2023-05-16T00:00:00+00:00", "ending_at": "2099-12-31T00:00:00+00:00", "deposit": null, "compare_unit": "stk", "compare_unit_price": 19, "consumption_unit": null, "consumption_quantity": null}], "temperature_zone": null, "is_self_scale_item": false, "is_weight_item": false, "is_available_in_all_stores": true, "is_batch_item": false}
{"id": 688844, "name": "SERPENTINER", "underline": "2 STK. / RØD", "age_limit": null, "hazard_precaution_statements": [], "labels": [], "description": null, "info": "", "images": [{"small": "https://rema-product-images.digital.rema1000.dk/688844/1-small-xePwJR3e9w.webp", "medium": "https://rema-product-images.digital.rema1000.dk/688844/1-medium-xePwJR3e9w.webp", "large": "https://rema-product-images.digital.rema1000.dk/688844/1-large-xePwJR3e9w.webp"}], "prices": [{"price": 12, "price_over_max_quantity": null, "max_quantity": null, "is_advertised": false, "is_campaign": false, "starting_at": "2024-12-23T00:00:00+00:00", "ending_at": "2099-12-31T00:00:00+00:00", "deposit": null, "compare_unit": "stk", "compare_unit_price": 6, "consumption_unit": null, "consumption_quantity": null}], "temperature_zone": null, "is_self_scale_item": false, "is_weight_item": false, "is_available_in_all_stores": true, "is_batch_item": false}
{"id": 688973, "name": "KORT MED KUVERT", "underline": "1 STK. / FLERE DESIGNS 11,5X17 CM", "age_limit": null, "hazard_precaution_statements": [], "labels": [], "description": null, "info": "", "images": [{"small": "https://rema-product-images.digital.rema1000.dk/688973/1-small-pYqxQKL891.webp", "medium": "https://rema-product-images.digital.rema1000.dk/688973/1-medium-pYqxQKL891.webp", "large": "https://rema-product-images.digital.rema1000.dk/688973/1-large-pYqxQKL891.webp"}], "prices": [{"price": 10, "price_over_max_quantity": null, "max_quantity": null, "is_advertised": false, "is_campaign": false, "starting_at": "2013-08-16T00:00:00+00:00", "ending_at": "2099-12-31T00:00:00+00:00", "deposit": null, "compare_unit": "stk", "compare_unit_price": 10, "consumption_unit": null, "consumption_quantity": null}], "temperature_zone": null, "is_self_scale_item": false, "is_weight_item": false, "is_available_in_all_stores": true, "is_batch_item": false}
{"id": 689099, "name": "FLAGSTICKERS", "underline": "1 PK. / POSE MED 2 ARK", "age_limit": null, "hazard_precaution_statements": [], "labels": [], "description": null, "info": "", "images": [{"small": "https://rema-product-images.digital.rema1000.dk/689099/1-small-A5qVQyVLoa.webp", "medium": "https://rema-product-images.digital.rema1000.dk/689099/1-medium-A5qVQyVLoa.webp", "large": "https://rema-product-images.digital.rema1000.dk/689099/1-large-A5qVQyVLoa.webp"}], "prices": [{"price": 5, "price_over_max_quantity": null, "max_quantity": null, "is_advertised": false, "is_campaign": false, "starting_at": "2021-02-25T00:00:00+00:00", "ending_at": "2099-12-31T00:00:00+00:00", "deposit": null, "compare_unit": "pk", "compare_unit_price": 5, "consumption_unit": null, "consumption_quantity": null}], "temperature_zone": null, "is_self_scale_item": false, "is_weight_item": false, "is_available_in_all_stores": true, "is_batch_item": false}
{"id": 70048, "name": "COOKIES DAIM", "underline": "184 GR. / MARABOU", "age_limit": null, "hazard_precaution_statements": [], "labels": [{"id": 9001, "name": "Avisvare", "image": "https://static-assets.digital.rema1000.dk/product/labels/9001-64.webp"}], "description": null, "info": "", "images": [{"small": "https://rema-product-images.digital.rema1000.dk/70048/1-small-OJq5KRzPpr.webp", "medium": "https://rema-product-images.digital.rema1000.dk/70048/1-medium-OJq5KRzPpr.webp", "large": "https://rema-product-images.digital.rema1000.dk/70048/1-large-OJq5KRzPpr.webp"}], "prices": [{"price": 20, "price_over_max_quantity": null, "max_quantity": null, "is_advertised": true, "is_campaign": false, "starting_at": "2025-08-17T00:00:00+00:00", "ending_at": "2025-11-15T00:00:00+00:00", "deposit": null, "compare_unit": "kg", "compare_unit_price": 108.7, "consumption_unit": null, "consumption_quantity": null}], "temperature_zone": null, "is_self_scale_item": false, "is_weight_item": false, "is_available_in_all_stores": true, "is_batch_item": true}
{"id": 70053, "name": "COOKIES", "underline": "225 GR. / REMA 1000", "age_limit": null, "hazard_precaution_statements": [], "labels": [{"id": 2, "name": "REMA1000", "image": "https://static-assets.digital.rema1000.dk/product/labels/2-64.webp"}, {"id": 95, "name": "Rainforest Alliance", "image": "https://static-assets.digital.rema1000.dk/product/labels/95-64.webp"}], "description": null, "info": "", "images": [{"small": "https://rema-product-images.digital.rema1000.dk/70053/1-small-aboK2KgPpM.webp", "medium": "https://rema-product-images.digital.rema1000.dk/70053/1-medium-aboK2KgPpM.webp", "large": "https://rema-product-images.digital.rema1000.dk/70053/1-large-aboK2KgPpM.webp"}], "prices": [{"price": 13.95, "price_over_max_quantity": null, "max_quantity": null, "is_advertised": false, "is_campaign": false, "starting_at": "2025-02-06T00:00:00+00:00", "ending_at": "2099-12-31T00:00:00+00:00", "deposit": null, "compare_unit": "kg", "compare_unit_price": 62, "consumption_unit": null, "consumption_quantity": null}], "temperature_zone": null, "is_self_scale_item": false, "is_weight_item": false, "is_available_in_all_stores": true, "is_batch_item": false}
{"id": 70060, "name": "PAPRIKA CHIPS", "underline": "50 GR. / EASIS", "age_limit": null, "hazard_precaution_statements": [], "labels": [{"id": 31, "name": "Ikke tilsat sukker", "image": "https://static-assets.digital.rema1000.dk/product/labels/31-64.webp"}], "description": "EASIS Chips med Paprika er til dig, der er vild med sprøde, velsmagende chips med en god, krydret smag. EASIS Chips har et højt fiber- og proteinindhold. De indeholder 212 kcal pr. pose.<br />", "info": "", "images": [{"small": "https://rema-product-images.digital.rema1000.dk/70060/1-small-6xqAYjRqDr.webp", "medium": "https://rema-product-images.digital.rema1000.dk/70060/1-medium-6xqAYjRqDr.webp", "large": "https://rema-product-images.digital.rema1000.dk/70060/1-large-6xqAYjRqDr.webp"}], "prices": [{"price": 14.95, "price_over_max_quantity": null, "max_quantity": null, "is_advertised": false, "is_campaign": false, "starting_at": "2025-05-01T00:00:00+00:00", "ending_at": "2099-12-31T00:00:00+00:00", "deposit": null, "compare_unit": "kg", "compare_unit_price": 299, "consumption_unit": null, "consumption_quantity": null}], "temperature_zone": null, "is_self_scale_item": false, "is_weight_item": false, "is_available_in_all_stores": true, "is_batch_item": false}
{"id": 70061, "name": "SOUR CREAM & ONION", "underline": "50 GR. / EASIS CHIPS", "age_limit": null, "hazard_precaution_statements": [], "labels": [{"id": 31, "name": "Ikke tilsat sukker", "image": "https://static-assets.digital.rema1000.dk/product/labels/31-64.webp"}], "description": "EASIS Chips med Sour Cream & Onion er til dig, der er vild med sprøde, velsmagende chips. EASIS Chips har et højt fiber- og proteinindhold. En pose indeholder 212 kcal.<br />", "info": "", "images": [{"small": "https://rema-product-images.digital.rema1000.dk/70061/1-small-Z8qpWzQo3N.webp", "medium": "https://rema-product-images.digital.rema1000.dk/70061/1-medium-Z8qpWzQo3N.webp", "large": "https://rema-product-images.digital.rema1000.dk/70061/1-large-Z8qpWzQo3N.webp"}], "prices": [{"price": 14.95, "price_over_max_quantity": null, "max_quantity": null, "is_advertised": false, "is_campaign": false, "starting_at": "2025-05-01T00:00:00+00:00", "ending_at": "2099-12-31T00:00:00+00:00", "deposit": null, "compare_unit": "kg", "compare_unit_price": 299, "consumption_unit": null, "consumption_quantity": null}], "temperature_zone": null, "is_self_scale_item": false, "is_weight_item": false, "is_available_in_all_stores": true, "is_batch_item": false}
{"id": 70100, "name": "VANILLAS", "underline": "220 GR. / PÅGEN", "age_limit": null, "hazard_precaution_statements": [], "labels": [], "description": null, "info": "", "images": [{"small": "https://rema-product-images.digital.rema1000.dk/70100/1-small-xePwEmJqw8.webp", "medium": "https://rema-product-images.digital.rema1000.dk/70100/1-medium-xePwEmJqw8.webp", "large": "https://rema-product-images.digital.rema1000.dk/70100/1-large-xePwEmJqw8.webp"}], "prices": [{"price": 24, "price_over_max_quantity": null, "max_quantity": null, "is_advertised": false, "is_campaign": false, "starting_at": "2023-09-07T00:00:00+00:00", "ending_at": "2099-12-31T00:00:00+00:00", "deposit": null, "compare_unit": "kg", "compare_unit_price": 109.09, "consumption_unit": null, "consumption_quantity": null}], "temperature_zone": null, "is_self_scale_item": false, "is_weight_item": false, "is_available_in_all_stores": true, "is_batch_item": false}
{"id": 70108, "name": "MANDLER M/ RØGSMAG", "underline": "150 GR. / REMA 1000", "age_limit": null, "hazard_precaution_statements": [], "labels": [{"id": 2, "name": "REMA1000", "image": "https://static-assets.digital.rema1000.dk/product/labels/2-64.webp"}], "description": "<b>Discount med holdning</b><br />I REMA 1000 har vi fokus på kvalitet til lave priser og overskriften på vores arbejde er Discount med holdning.<br /><br />Vi har en klar holdning til alle de varer, vi sælger. Vi stiller ikke kun krav til kvaliteten af vores egne mærkevarer – det er også vigtigt for os, at emballagerne er designet til genanvendelse, at indholdet er uden problematiske stoffer, og at varerne er produceret ansvarligt samt mærket med tydelige og valide certificeringer.<br /><b> </b><br /><b>Om denne vare</b><br />﻿REMA 1000 mandler med røgsmag er saltede og ristede - det gør mandlerne sprøde, lækre og lige tilpas krydret. Smager skønt og er et godt valg til snackskålen og perfekt til at stilne den lille sult.", "info": "", "images": [{"small": "https://rema-product-images.digital.rema1000.dk/70108/1-small-NpP7Vpv9Ol.webp", "medium": "https://rema-product-images.digital.rema1000.dk/70108/1-medium-NpP7Vpv9Ol.webp", "large": "https://rema-product-images.digital.rema1000.dk/70108/1-large-NpP7Vpv9Ol.webp"}], "prices": [{"price": 21.95, "price_over_max_quantity": null, "max_quantity": null, "is_advertised": false, "is_campaign": false, "starting_at": "2025-05-29T00:00:00+00:00", "ending_at": "2099-12-31T00:00:00+00:00", "deposit": null, "compare_unit": "kg", "compare_unit_price": 146.33, "consumption_unit": null, "consumption_quantity": null}], "temperature_zone": null, "is_self_scale_item": false, "is_weight_item": false, "is_available_in_all_stores": true, "is_batch_item": false}
{"id": 70117, "name": "HAVREKIKS", "underline": "250 GR. / MADAME BUTTERFLY", "age_limit": null, "hazard_precaution_statements": [], "labels": [{"id": 5, "name": "Økologi", "image": "https://static-assets.digital.rema1000.dk/product/labels/5-64.webp"}], "description": "økologiske havrekiks", "info": "", "images": [{"small": "https://rema-product-images.digital.rema1000.dk/70117/1-small-Z8qpWymo3N.webp", "medium": "https://rema-product-images.digital.rema1000.dk/70117/1-medium-Z8qpWymo3N.webp", "large": "https://rema-product-images.digital.rema1000.dk/70117/1-large-Z8qpWymo3N.webp"}], "prices": [{"price": 12, "price_over_max_quantity": null, "max_quantity": null, "is_advertised": false, "is_campaign": false, "starting_at": "2022-07-01T00:00:00+00:00", "ending_at": "2099-12-31T00:00:00+00:00", "deposit": null, "compare_unit": "kg", "compare_unit_price": 48, "consumption_unit": null, "consumption_quantity": null}], "temperature_zone": null, "is_self_scale_item": false, "is_weight_item": false, "is_available_in_all_stores": true, "is_batch_item": false}
{"id": 70123, "name": "VANILJE COOKIES", "underline": "400 GR. / REMA 1000", "age_limit": null, "hazard_precaution_statements": [], "labels": [{"id": 2, "name": "REMA1000", "image": "https://static-assets.digital.rema1000.dk/product/labels/2-64.webp"}], "description": null, "info": "", "images": [{"small": "https://rema-product-images.digital.rema1000.dk/70123/1-small-MNqZ0VBPA7.webp", "medium": "https://rema-product-images.digital.rema1000.dk/70123/1-medium-MNqZ0VBPA7.webp", "large": "https://rema-product-images.digital.rema1000.dk/70123/1-large-MNqZ0VBPA7.webp"}], "prices": [{"price": 11.95, "price_over_max_quantity": null, "max_quantity": null, "is_advertised": false, "is_campaign": false, "starting_at": "2025-07-01T00:00:00+00:00", "ending_at": "2099-12-31T00:00:00+00:00", "deposit": null, "compare_unit": "kg", "compare_unit_price": 29.88, "consumption_unit": null, "consumption_quantity": null}], "temperature_zone": null, "is_self_scale_item": false, "is_weight_item": false, "is_available_in_all_stores": true, "is_batch_item": false}
{"id": 70124, "name": "LU PRINCE", "underline": "300 GR. / ORIGINAL", "age_limit": null, "hazard_precaution_statements": [], "labels": [], "description": "Den originale Prince Chokoladekiks fra LU", "info": "", "images": [{"small": "https://rema-product-images.digital.rema1000.dk/70124/1-small-vXodeQzq3k.webp", "medium": "https://rema-product-images.digital.rema1000.dk/70124/1-medium-vXodeQzq3k.webp", "large": "https://rema-product-images.digital.rema1000.dk/70124/1-large-vXodeQzq3k.webp"}], "prices": [{"price": 23.5, "price_over_max_quantity": null, "max_quantity": null, "is_advertised": false, "is_campaign": false, "starting_at": "2025-07-01T00:00:00+00:00", "ending_at": "2025-08-23T00:00:00+00:00", "deposit": null, "compare_unit": "kg", "compare_unit_price": 78.33, "consumption_unit": null, "consumption_quantity": null}], "temperature_zone": null, "is_self_scale_item": false, "is_weight_item": false, "is_available_in_all_stores": true, "is_batch_item": false}
{"id": 70168, "name": "HOLIDAY DIPMIX", "underline": "16 GR. / REMA 1000", "age_limit": null, "hazard_precaution_statements": [], "labels": [{"id": 2, "name": "REMA1000", "image": "https://static-assets.digital.rema1000.dk/product/labels/2-64.webp"}], "description": "<b>Discount med holdning</b><br />I REMA 1000 har vi fokus på kvalitet til lave priser og overskriften på vores arbejde er Discount med holdning.<br /><br />Vi har en klar holdning til alle de varer, vi sælger. Vi stiller ikke kun krav til kvaliteten af vores egne mærkevarer – det er også vigtigt for os, at emballagerne er designet til genanvendelse, at indholdet er uden problematiske stoffer, og at varerne er produceret ansvarligt samt mærket med tydelige og valide certificeringer.<br /><b> </b><br /><b>Om denne vare</b><br />REMA 1000 HOLIDAY DIP-MIX er en elsket klassiker til dine yndlingschips og et must på bordet til fest og hyggelige sammenkomster.<br /><br /><b>Tilberedning</b>: Hæld posens indhold samt 1,5 dl creme fraiche 18 % i en skål og rør godt sammen. <br /><br /><b>Tip</b>: Alternativt bruges skyr eller andet syrnet mælkeprodukt.", "info": "", "images": [{"small": "https://rema-product-images.digital.rema1000.dk/70168/1-small-vXode6zq3k.webp", "medium": "https://rema-product-images.digital.rema1000.dk/70168/1-medium-vXode6zq3k.webp", "large": "https://rema-product-images.digital.rema1000.dk/70168/1-large-vXode6zq3k.webp"}], "prices": [{"price": 4.25, "price_over_max_quantity": null, "max_quantity": null, "is_advertised": false, "is_campaign": false, "starting_at": "2023-01-12T00:00:00+00:00", "ending_at": "2025-09-06T00:00:00+00:00", "deposit": null, "compare_unit": "kg", "compare_unit_price": 265.63, "consumption_unit": null, "consumption_quantity": null}], "temperature_zone": null, "is_self_scale_item": false, "is_weight_item": false, "is_available_in_all_stores": true, "is_batch_item": false}
{"id": 70169, "name": "RODFRUGT CHIPS", "underline": "100 GR. / REMA 1000", "age_limit": null, "hazard_precaution_statements": [], "labels": [{"id": 2, "name": "REMA1000", "image": "https://static-assets.digital.rema1000.dk/product/labels/2-64.webp"}, {"id": 5, "name": "Økologi", "image": "https://static-assets.digital.rema1000.dk/product/labels/5-64.webp"}], "description": null, "info": "", "images": [{"small": "https://rema-product-images.digital.rema1000.dk/70169/1-small-Ea918EaqzY.webp", "medium": "https://rema-product-images.digital.rema1000.dk/70169/1-medium-Ea918EaqzY.webp", "large": "https://rema-product-images.digital.rema1000.dk/70169/1-large-Ea918EaqzY.webp"}], "prices": [{"price": 17.95, "price_over_max_quantity": null, "max_quantity": null, "is_advertised": false, "is_campaign": false, "starting_at": "2023-11-30T00:00:00+00:00", "ending_at": "2099-12-31T00:00:00+00:00", "deposit": null, "compare_unit": "kg", "compare_unit_price": 179.5, "consumption_unit": null, "consumption_quantity": null}], "temperature_zone": null, "is_self_scale_item": false, "is_weight_item": false, "is_available_in_all_stores": true, "is_batch_item": false}
{"id": 70176, "name": "DRØMMEKAGE", "underline": "350 GR. / KLASSISK", "age_limit": null, "hazard_precaution_statements": [], "labels": [], "description": null, "info": "", "images": [{"small": "https://rema-product-images.digital.rema1000.dk/70176/1-small-nDPWglkPWa.webp", "medium": "https://rema-product-images.digital.rema1000.dk/70176/1-medium-nDPWglkPWa.webp", "large": "https://rema-product-images.digital.rema1000.dk/70176/1-large-nDPWglkPWa.webp"}], "prices": [{"price": 27.95, "price_over_max_quantity": null, "max_quantity": null, "is_advertised": false, "is_campaign": false, "starting_at": "2024-10-03T00:00:00+00:00", "ending_at": "2025-08-23T00:00:00+00:00", "deposit": null, "compare_unit": "kg", "compare_unit_price": 79.86, "consumption_unit": null, "consumption_quantity": null}], "temperature_zone": null, "is_self_scale_item": false, "is_weight_item": false, "is_available_in_all_stores": true, "is_batch_item": false}
{"id": 70194, "name": "SC & ONION CHIPS", "underline": "170 GR. / KIMS", "age_limit": null, "hazard_precaution_statements": [], "labels": [], "description": null, "info": "", "images": [{"small": "https://rema-product-images.digital.rema1000.dk/70194/1-small-vVorGxBq3z.webp", "medium": "https://rema-product-images.digital.rema1000.dk/70194/1-medium-vVorGxBq3z.webp", "large": "https://rema-product-images.digital.rema1000.dk/70194/1-large-vVorGxBq3z.webp"}], "prices": [{"price": 29.5, "price_over_max_quantity": null, "max_quantity": null, "is_advertised": false, "is_campaign": false, "starting_at": "2025-02-01T00:00:00+00:00", "ending_at": "2025-08-23T00:00:00+00:00", "deposit": null, "compare_unit": "kg", "compare_unit_price": 173.53, "consumption_unit": null, "consumption_quantity": null}], "temperature_zone": null, "is_self_scale_item": false, "is_weight_item": false, "is_available_in_all_stores": true, "is_batch_item": false}
{"id": 70212, "name": "MAJSSNACKS", "underline": "150 GR. / REMA 1000", "age_limit": null, "hazard_precaution_statements": [], "labels": [{"id": 2, "name": "REMA1000", "image": "https://static-assets.digital.rema1000.dk/product/labels/2-64.webp"}], "description": "<b>Discount med holdning</b><br />I REMA 1000 har vi fokus på kvalitet til lave priser og overskriften på vores arbejde er Discount med holdning.<br /><br />Vi har en klar holdning til alle de varer, vi sælger. Vi stiller ikke kun krav til kvaliteten af vores egne mærkevarer – det er også vigtigt for os, at emballagerne er designet til genanvendelse, at indholdet er uden problematiske stoffer, og at varerne er produceret ansvarligt samt mærket med tydelige og valide certificeringer.<br /><b> </b><br /><b>Om denne vare</b><br />﻿REMA 1000 MAJSSNACKS er store sprøde majskerner - saltede og ristet i olie. Smager skønt og er et godt valg til snackskålen eller perfekt til at stilne den lille sult. Smager også skønt som topping på en god salat.", "info": "", "images": [{"small": "https://rema-product-images.digital.rema1000.dk/70212/1-small-18oX7A0Pkb.webp", "medium": "https://rema-product-images.digital.rema1000.dk/70212/1-medium-18oX7A0Pkb.webp", "large": "https://rema-product-images.digital.rema1000.dk/70212/1-large-18oX7A0Pkb.webp"}], "prices": [{"price": 13.95, "price_over_max_quantity": null, "max_quantity": null, "is_advertised": false, "is_campaign": false, "starting_at": "2023-01-05T00:00:00+00:00", "ending_at": "2099-12-31T00:00:00+00:00", "deposit": null, "compare_unit": "kg", "compare_unit_price": 93, "consumption_unit": null, "consumption_quantity": null}], "temperature_zone": null, "is_self_scale_item": false, "is_weight_item": false, "is_available_in_all_stores": true, "is_batch_item": false}
{"id": 70218, "name": "SALTY MIX", "underline": "135 GR. / REMA 1000", "age_limit": null, "hazard_precaution_statements": [], "labels": [{"id": 2, "name": "REMA1000", "image": "https://static-assets.digital.rema1000.dk/product/labels/2-64.webp"}], "description": "<b>Discount med holdning</b><br />I REMA 1000 har vi fokus på kvalitet til lave priser og overskriften på vores arbejde er Discount med holdning.<br /><br />Vi har en klar holdning til alle de varer, vi sælger. Vi stiller ikke kun krav til kvaliteten af vores egne mærkevarer – det er også vigtigt for os, at emballagerne er designet til genanvendelse, at indholdet er uden problematiske stoffer, og at varerne er produceret ansvarligt samt mærket med tydelige og valide certificeringer.<br /><b> </b><br /><b>Om denne vare</b><br />﻿REMA 1000 SALTY MIX er en sprød blanding af alle dine yndlingsnødder. Peanuts, mandler, majs og cashewnødder<br />i en skøn blanding - et sikkert hit til fest og hyggelige sammenkomster og perfekt til at stilne den lille sult.", "info": "", "images": [{"small": "https://rema-product-images.digital.rema1000.dk/70218/1-small-2B947ErqkM.webp", "medium": "https://rema-product-images.digital.rema1000.dk/70218/1-medium-2B947ErqkM.webp", "large": "https://rema-product-images.digital.rema1000.dk/70218/1-large-2B947ErqkM.webp"}], "prices": [{"price": 12.95, "price_over_max_quantity": null, "max_quantity": null, "is_advertised": false, "is_campaign": false, "starting_at": "2025-05-22T00:00:00+00:00", "ending_at": "2099-12-31T00:00:00+00:00", "deposit": null, "compare_unit": "kg", "compare_unit_price": 95.93, "consumption_unit": null, "consumption_quantity": null}], "temperature_zone": null, "is_self_scale_item": false, "is_weight_item": false, "is_available_in_all_stores": true, "is_batch_item": false}
{"id": 70247, "name": "HAVSALT CHIPS", "underline": "170 GR. / KIMS", "age_limit": null, "hazard_precaution_statements": [], "labels": [], "description": null, "info": "", "images": [{"small": "https://rema-product-images.digital.rema1000.dk/70247/1-small-3MoMjbyq5E.webp", "medium": "https://rema-product-images.digital.rema1000.dk/70247/1-medium-3MoMjbyq5E.webp", "large": "https://rema-product-images.digital.rema1000.dk/70247/1-large-3MoMjbyq5E.webp"}], "prices": [{"price": 29.5, "price_over_max_quantity": null, "max_quantity": null, "is_advertised": false, "is_campaign": false, "starting_at": "2025-02-01T00:00:00+00:00", "ending_at": "2025-08-23T00:00:00+00:00", "deposit": null, "compare_unit": "kg", "compare_unit_price": 173.53, "consumption_unit": null, "consumption_quantity": null}], "temperature_zone": null, "is_self_scale_item": false, "is_weight_item": false, "is_available_in_all_stores": true, "is_batch_item": false}
{"id": 70263, "name": "GROVCHIPS SC&O", "underline": "150 GR. / REMA 1000", "age_limit": null, "hazard_precaution_statements": [], "labels": [{"id": 2, "name": "REMA1000", "image": "https://static-assets.digital.rema1000.dk/product/labels/2-64.webp"}], "description": "VORES GROVCHIPS ER KARTOFLER MED SKRÆL, SKÅRET I TYKKE SKIVER OG STEGT I OLIE. RESULTATET ER SPRØDE CHIPS – KRYDRET MED DET ELSKEDE MIX AF SOUR CREAM & ONION FLAVOUR.", "info": "", "images": [{"small": "https://rema-product-images.digital.rema1000.dk/70263/1-small-rDq60kdPbW.webp", "medium": "https://rema-product-images.digital.rema1000.dk/70263/1-medium-rDq60kdPbW.webp", "large": "https://rema-product-images.digital.rema1000.dk/70263/1-large-rDq60kdPbW.webp"}], "prices": [{"price": 11.5, "price_over_max_quantity": null, "max_quantity": null, "is_advertised": false, "is_campaign": false, "starting_at": "2023-02-02T00:00:00+00:00", "ending_at": "2099-12-31T00:00:00+00:00", "deposit": null, "compare_unit": "kg", "compare_unit_price": 76.67, "consumption_unit": null, "consumption_quantity": null}], "temperature_zone": null, "is_self_scale_item": false, "is_weight_item": false, "is_available_in_all_stores": true, "is_batch_item": false}
{"id": 70280, "name": "SNACK CHIPS ORIGINAL", "underline": "160 GR. / KIMS", "age_limit": null, "hazard_precaution_statements": [], "labels": [], "description": null, "info": "", "images": [{"small": "https://rema-product-images.digital.rema1000.dk/70280/1-small-7doLWXpP6r.webp", "medium": "https://rema-product-images.digital.rema1000.dk/70280/1-medium-7doLWXpP6r.webp", "large": "https://rema-product-images.digital.rema1000.dk/70280/1-large-7doLWXpP6r.webp"}], "prices": [{"price": 29.5, "price_over_max_quantity": null, "max_quantity": null, "is_advertised": false, "is_campaign": false, "starting_at": "2025-02-01T00:00:00+00:00", "ending_at": "2025-08-23T00:00:00+00:00", "deposit": null, "compare_unit": "kg", "compare_unit_price": 184.38, "consumption_unit": null, "consumption_quantity": null}], "temperature_zone": null, "is_self_scale_item": false, "is_weight_item": false, "is_available_in_all_stores": true, "is_batch_item": false}
{"id": 70285, "name": "GROVCHIPS HAVSALT", "underline": "150 GR. / REMA 1000", "age_limit": null, "hazard_precaution_statements": [], "labels": [{"id": 2, "name": "REMA1000", "image": "https://static-assets.digital.rema1000.dk/product/labels/2-64.webp"}], "description": "VORES GROVCHIPS ER KARTOFLER MED SKRÆL, SKÅRET I TYKKE SKIVER OG STEGT I OLIE. RESULTATET ER SPRØDE CHIPS – HER I EN KLASSISK UDGAVE MED HAVSALT.", "info": "", "images": [{"small": "https://rema-product-images.digital.rema1000.dk/70285/1-small-we9E1879gp.webp", "medium": "https://rema-product-images.digital.rema1000.dk/70285/1-medium-we9E1879gp.webp", "large": "https://rema-product-images.digital.rema1000.dk/70285/1-large-we9E1879gp.webp"}], "prices": [{"price": 11.5, "price_over_max_quantity": null, "max_quantity": null, "is_advertised": false, "is_campaign": false, "starting_at": "2023-02-02T00:00:00+00:00", "ending_at": "2099-12-31T00:00:00+00:00", "deposit": null, "compare_unit": "kg", "compare_unit_price": 76.67, "consumption_unit": null, "consumption_quantity": null}], "temperature_zone": null, "is_self_scale_item": false, "is_weight_item": false, "is_available_in_all_stores": true, "is_batch_item": false}
{"id": 70328, "name": "PEANUTS M/JALAPENO", "underline": "200 GR. / REMA 1000", "age_limit": null, "hazard_precaution_statements": [], "labels": [{"id": 2, "name": "REMA1000", "image": "https://static-assets.digital.rema1000.dk/product/labels/2-64.webp"}], "description": "<b>Discount med holdning</b><br />I REMA 1000 har vi fokus på kvalitet til lave priser og overskriften på vores arbejde er Discount med holdning.<br /><br />Vi har en klar holdning til alle de varer, vi sælger. Vi stiller ikke kun krav til kvaliteten af vores egne mærkevarer – det er også vigtigt for os, at emballagerne er designet til genanvendelse, at indholdet er uden problematiske stoffer, og at varerne er produceret ansvarligt samt mærket med tydelige og valide certificeringer.<br /><b> </b><br /><b>Om denne vare</b><br />REMA 1000 PEANUTS JALAPEÑO er en sprød og stærk snack, som er ristet og krydret med jalapeño. Smager skønt og er et perfekt valg til snackskålen, hvis du er til sprøde snacks med et stærkt twist.<br /><br /><b>Tip</b>: disse peanuts smager også skønt som knasende topping på salater.", "info": "", "images": [{"small": "https://rema-product-images.digital.rema1000.dk/70328/1-small-xyqapX2oDb.webp", "medium": "https://rema-product-images.digital.rema1000.dk/70328/1-medium-xyqapX2oDb.webp", "large": "https://rema-product-images.digital.rema1000.dk/70328/1-large-xyqapX2oDb.webp"}], "prices": [{"price": 15.95, "price_over_max_quantity": null, "max_quantity": null, "is_advertised": false, "is_campaign": false, "starting_at": "2022-12-29T00:00:00+00:00", "ending_at": "2099-12-31T00:00:00+00:00", "deposit": null, "compare_unit": "kg", "compare_unit_price": 79.75, "consumption_unit": null, "consumption_quantity": null}], "temperature_zone": null, "is_self_scale_item": false, "is_weight_item": false, "is_available_in_all_stores": true, "is_batch_item": false}
{"id": 70334, "name": "SNØFLER", "underline": "100 GR. / KAREN VOLF", "age_limit": null, "hazard_precaution_statements": [], "labels": [], "description": null, "info": "", "images": [{"small": "https://rema-product-images.digital.rema1000.dk/70334/1-small-yLqGOwKqd4.webp", "medium": "https://rema-product-images.digital.rema1000.dk/70334/1-medium-yLqGOwKqd4.webp", "large": "https://rema-product-images.digital.rema1000.dk/70334/1-large-yLqGOwKqd4.webp"}], "prices": [{"price": 10.5, "price_over_max_quantity": null, "max_quantity": null, "is_advertised": false, "is_campaign": false, "starting_at": "2025-02-01T00:00:00+00:00", "ending_at": "2099-12-31T00:00:00+00:00", "deposit": null, "compare_unit": "kg", "compare_unit_price": 105, "consumption_unit": null, "consumption_quantity": null}], "temperature_zone": null, "is_self_scale_item": false, "is_weight_item": false, "is_available_in_all_stores": true, "is_batch_item": false}
{"id": 70335, "name": "NØDDER SALT & STÆRK", "underline": "165 GR. / REMA 1000", "age_limit": null, "hazard_precaution_statements": [], "labels": [{"id": 2, "name": "REMA1000", "image": "https://static-assets.digital.rema1000.dk/product/labels/2-64.webp"}], "description": "<b>Discount med holdning</b><br />I REMA 1000 har vi fokus på kvalitet til lave priser og overskriften på vores arbejde er Discount med holdning.<br /><br />Vi har en klar holdning til alle de varer, vi sælger. Vi stiller ikke kun krav til kvaliteten af vores egne mærkevarer – det er også vigtigt for os, at emballagerne er designet til genanvendelse, at indholdet er uden problematiske stoffer, og at varerne er produceret ansvarligt samt mærket med tydelige og valide certificeringer.<br /><b> </b><br /><b>Om denne vare</b><br />REMA 1000 NØDDER SALT &amp; STÆRK er en skøn blanding af gode og sprøde klassikere, der supplerer hinanden perfekt – saltede og stærke jordnødder og cashewnødder. Et sikkert hit til fest og hyggelige sammenkomster og perfekt til at stilne den lille sult.", "info": "", "images": [{"small": "https://rema-product-images.digital.rema1000.dk/70335/1-small-Gb9kOLr975.webp", "medium": "https://rema-product-images.digital.rema1000.dk/70335/1-medium-Gb9kOLr975.webp", "large": "https://rema-product-images.digital.rema1000.dk/70335/1-large-Gb9kOLr975.webp"}], "prices": [{"price": 15.95, "price_over_max_quantity": null, "max_quantity": null, "is_advertised": false, "is_campaign": false, "starting_at": "2022-12-29T00:00:00+00:00", "ending_at": "2099-12-31T00:00:00+00:00", "deposit": null, "compare_unit": "kg", "compare_unit_price": 96.67, "consumption_unit": null, "consumption_quantity": null}], "temperature_zone": null, "is_self_scale_item": false, "is_weight_item": false, "is_available_in_all_stores": true, "is_batch_item": false}
{"id": 70336, "name": "NØDDER SALT & SØDT", "underline": "165 GR. / REMA 1000", "age_limit": null, "hazard_precaution_statements": [], "labels": [{"id": 2, "name": "REMA1000", "image": "https://static-assets.digital.rema1000.dk/product/labels/2-64.webp"}], "description": "<b>Discount med holdning</b><br />I REMA 1000 har vi fokus på kvalitet til lave priser og overskriften på vores arbejde er Discount med holdning.<br /><br />Vi har en klar holdning til alle de varer, vi sælger. Vi stiller ikke kun krav til kvaliteten af vores egne mærkevarer – det er også vigtigt for os, at emballagerne er designet til genanvendelse, at indholdet er uden problematiske stoffer, og at varerne er produceret ansvarligt samt mærket med tydelige og valide certificeringer.<br /><b> </b><br /><b>Om denne vare</b><br />﻿REMA 1000 NØDDER SALT &amp; SØDT er en skøn blanding af gode og sprøde klassikere der supplerer hinanden perfekt – jordnødder, cashewnødder og rosiner. Et sikkert hit til fest og hyggelige sammenkomster og perfekt til at stilne den lille sult.", "info": "", "images": [{"small": "https://rema-product-images.digital.rema1000.dk/70336/1-small-7doLW8EP6r.webp", "medium": "https://rema-product-images.digital.rema1000.dk/70336/1-medium-7doLW8EP6r.webp", "large": "https://rema-product-images.digital.rema1000.dk/70336/1-large-7doLW8EP6r.webp"}], "prices": [{"price": 15.95, "price_over_max_quantity": null, "max_quantity": null, "is_advertised": false, "is_campaign": false, "starting_at": "2022-12-29T00:00:00+00:00", "ending_at": "2099-12-31T00:00:00+00:00", "deposit": null, "compare_unit": "kg", "compare_unit_price": 96.67, "consumption_unit": null, "consumption_quantity": null}], "temperature_zone": null, "is_self_scale_item": false, "is_weight_item": false, "is_available_in_all_stores": true, "is_batch_item": false}
{"id": 70351, "name": "FRANSKE VAFLER", "underline": "160 GR. / KAREN VOLF", "age_limit": null, "hazard_precaution_statements": [], "labels": [], "description": null, "info": "", "images": [{"small": "https://rema-product-images.digital.rema1000.dk/70351/1-small-v09gZdmqAW.webp", "medium": "https://rema-product-images.digital.rema1000.dk/70351/1-medium-v09gZdmqAW.webp", "large": "https://rema-product-images.digital.rema1000.dk/70351/1-large-v09gZdmqAW.webp"}], "prices": [{"price": 18.95, "price_over_max_quantity": null, "max_quantity": null, "is_advertised": false, "is_campaign": false, "starting_at": "2025-02-01T00:00:00+00:00", "ending_at": "2099-12-31T00:00:00+00:00", "deposit": null, "compare_unit": "kg", "compare_unit_price": 118.44, "consumption_unit": null, "consumption_quantity": null}], "temperature_zone": null, "is_self_scale_item": false, "is_weight_item": false, "is_available_in_all_stores": true, "is_batch_item": false}
{"id": 70384, "name": "WASA RUNDA", "underline": "290 GR. / SESAM/HAVSALT", "age_limit": null, "hazard_precaution_statements": [], "labels": [{"id": 9001, "name": "Avisvare", "image": "https://static-assets.digital.rema1000.dk/product/labels/9001-64.webp"}], "description": null, "info": "", "images": [{"small": "https://rema-product-images.digital.rema1000.dk/70384/1-small-rQqQBL29ea.webp", "medium": "https://rema-product-images.digital.rema1000.dk/70384/1-medium-rQqQBL29ea.webp", "large": "https://rema-product-images.digital.rema1000.dk/70384/1-large-rQqQBL29ea.webp"}], "prices": [{"price": 20, "price_over_max_quantity": null, "max_quantity": null, "is_advertised": true, "is_campaign": true, "starting_at": "2025-08-17T00:00:00+00:00", "ending_at": "2025-08-23T00:00:00+00:00", "deposit": null, "compare_unit": "kg", "compare_unit_price": 68.97, "consumption_unit": null, "consumption_quantity": null}, {"price": 29.95, "price_over_max_quantity": null, "max_quantity": null, "is_advertised": false, "is_campaign": false, "starting_at": "2025-08-24T00:00:00+00:00", "ending_at": "2099-12-31T00:00:00+00:00", "deposit": null, "compare_unit": "kg", "compare_unit_price": 103.28, "consumption_unit": null, "consumption_quantity": null}], "temperature_zone": null, "is_self_scale_item": false, "is_weight_item": false, "is_available_in_all_stores": true, "is_batch_item": false}
{"id": 70395, "name": "OREO", "underline": "157 GR. / DOUBLE CREAM", "age_limit": null, "hazard_precaution_statements": [], "labels": [], "description": null, "info": "", "images": [{"small": "https://rema-product-images.digital.rema1000.dk/70395/1-small-v09gZEmqAW.webp", "medium": "https://rema-product-images.digital.rema1000.dk/70395/1-medium-v09gZEmqAW.webp", "large": "https://rema-product-images.digital.rema1000.dk/70395/1-large-v09gZEmqAW.webp"}], "prices": [{"price": 22.95, "price_over_max_quantity": null, "max_quantity": null, "is_advertised": false, "is_campaign": false, "starting_at": "2025-07-01T00:00:00+00:00", "ending_at": "2099-12-31T00:00:00+00:00", "deposit": null, "compare_unit": "kg", "compare_unit_price": 146.18, "consumption_unit": null, "consumption_quantity": null}], "temperature_zone": null, "is_self_scale_item": false, "is_weight_item": false, "is_available_in_all_stores": true, "is_batch_item": false}
{"id": 70514, "name": "PEANUT RINGS", "underline": "130 GR. / ESTRELLA", "age_limit": null, "hazard_precaution_statements": [], "labels": [], "description": "Taffel Peanut Rings er til dig, der elsker sprødhed og dejlige saltede peanuts, Rings er også til dig der syntes runde snacks er sjovere end flade, De kan rulles, stables eller bare spises, Uanset hvad er de lækre Rings lig med ren hygge, ", "info": "", "images": [{"small": "https://rema-product-images.digital.rema1000.dk/70514/1-small-3MovEZ4PAb.webp", "medium": "https://rema-product-images.digital.rema1000.dk/70514/1-medium-3MovEZ4PAb.webp", "large": "https://rema-product-images.digital.rema1000.dk/70514/1-large-3MovEZ4PAb.webp"}], "prices": [{"price": 19.95, "price_over_max_quantity": null, "max_quantity": null, "is_advertised": false, "is_campaign": false, "starting_at": "2025-07-03T00:00:00+00:00", "ending_at": "2099-12-31T00:00:00+00:00", "deposit": null, "compare_unit": "kg", "compare_unit_price": 153.46, "consumption_unit": null, "consumption_quantity": null}], "temperature_zone": null, "is_self_scale_item": false, "is_weight_item": false, "is_available_in_all_stores": true, "is_batch_item": false}
{"id": 70521, "name": "GROFT KNÆKBRØD", "underline": "450 GR. / REMA 1000", "age_limit": null, "hazard_precaution_statements": [], "labels": [{"id": 2, "name": "REMA1000", "image": "https://static-assets.digital.rema1000.dk/product/labels/2-64.webp"}, {"id": 40, "name": "Nøglehul", "image": "https://static-assets.digital.rema1000.dk/product/labels/40-64.webp"}], "description": "Med 58 % fuldkorn. ", "info": "", "images": [{"small": "https://rema-product-images.digital.rema1000.dk/70521/1-small-bJ9YKlnoL5.webp", "medium": "https://rema-product-images.digital.rema1000.dk/70521/1-medium-bJ9YKlnoL5.webp", "large": "https://rema-product-images.digital.rema1000.dk/70521/1-large-bJ9YKlnoL5.webp"}], "prices": [{"price": 16.5, "price_over_max_quantity": null, "max_quantity": null, "is_advertised": false, "is_campaign": false, "starting_at": "2025-02-06T00:00:00+00:00", "ending_at": "2099-12-31T00:00:00+00:00", "deposit": null, "compare_unit": "kg", "compare_unit_price": 36.67, "consumption_unit": null, "consumption_quantity": null}], "temperature_zone": null, "is_self_scale_item": false, "is_weight_item": false, "is_available_in_all_stores": true, "is_batch_item": false}
{"id": 70586, "name": "PUBMIX", "underline": "100 GR. / NORDTHY", "age_limit": null, "hazard_precaution_statements": [], "labels": [{"id": 9001, "name": "Avisvare", "image": "https://static-assets.digital.rema1000.dk/product/labels/9001-64.webp"}], "description": null, "info": "", "images": [{"small": "https://rema-product-images.digital.rema1000.dk/70586/1-small-A4PyE1yPLV.webp", "medium": "https://rema-product-images.digital.rema1000.dk/70586/1-medium-A4PyE1yPLV.webp", "large": "https://rema-product-images.digital.rema1000.dk/70586/1-large-A4PyE1yPLV.webp"}], "prices": [{"price": 10, "price_over_max_quantity": null, "max_quantity": null, "is_advertised": true, "is_campaign": false, "starting_at": "2025-08-17T00:00:00+00:00", "ending_at": "2025-11-15T00:00:00+00:00", "deposit": null, "compare_unit": "kg", "compare_unit_price": 100, "consumption_unit": null, "consumption_quantity": null}], "temperature_zone": null, "is_self_scale_item": false, "is_weight_item": false, "is_available_in_all_stores": true, "is_batch_item": true}
{"id": 70587, "name": "SWEET & SALTY", "underline": "110 GR. / NORDTHY", "age_limit": null, "hazard_precaution_statements": [], "labels": [{"id": 9001, "name": "Avisvare", "image": "https://static-assets.digital.rema1000.dk/product/labels/9001-64.webp"}], "description": null, "info": "", "images": [{"small": "https://rema-product-images.digital.rema1000.dk/70587/1-small-dyomxNLPVm.webp", "medium": "https://rema-product-images.digital.rema1000.dk/70587/1-medium-dyomxNLPVm.webp", "large": "https://rema-product-images.digital.rema1000.dk/70587/1-large-dyomxNLPVm.webp"}], "prices": [{"price": 10, "price_over_max_quantity": null, "max_quantity": null, "is_advertised": true, "is_campaign": false, "starting_at": "2025-08-17T00:00:00+00:00", "ending_at": "2025-11-15T00:00:00+00:00", "deposit": null, "compare_unit": "kg", "compare_unit_price": 90.91, "consumption_unit": null, "consumption_quantity": null}], "temperature_zone": null, "is_self_scale_item": false, "is_weight_item": false, "is_available_in_all_stores": true, "is_batch_item": true}
{"id": 70628, "name": "KANELKIKS", "underline": "160 GR. / REMA 1000", "age_limit": null, "hazard_precaution_statements": [], "labels": [{"id": 2, "name": "REMA1000", "image": "https://static-assets.digital.rema1000.dk/product/labels/2-64.webp"}, {"id": 5, "name": "Økologi", "image": "https://static-assets.digital.rema1000.dk/product/labels/5-64.webp"}, {"id": 6, "name": "Økologi", "image": "https://static-assets.digital.rema1000.dk/product/labels/6-64.webp"}], "description": null, "info": "", "images": [{"small": "https://rema-product-images.digital.rema1000.dk/70628/1-small-xyqapMxoDb.webp", "medium": "https://rema-product-images.digital.rema1000.dk/70628/1-medium-xyqapMxoDb.webp", "large": "https://rema-product-images.digital.rema1000.dk/70628/1-large-xyqapMxoDb.webp"}], "prices": [{"price": 23.95, "price_over_max_quantity": null, "max_quantity": null, "is_advertised": false, "is_campaign": false, "starting_at": "2023-02-02T00:00:00+00:00", "ending_at": "2099-12-31T00:00:00+00:00", "deposit": null, "compare_unit": "kg", "compare_unit_price": 149.69, "consumption_unit": null, "consumption_quantity": null}], "temperature_zone": null, "is_self_scale_item": false, "is_weight_item": false, "is_available_in_all_stores": true, "is_batch_item": false}
{"id": 70670, "name": "CHUFAKIKS", "underline": "140 GR. / REMA 1000", "age_limit": null, "hazard_precaution_statements": [], "labels": [{"id": 2, "name": "REMA1000", "image": "https://static-assets.digital.rema1000.dk/product/labels/2-64.webp"}, {"id": 5, "name": "Økologi", "image": "https://static-assets.digital.rema1000.dk/product/labels/5-64.webp"}, {"id": 6, "name": "Økologi", "image": "https://static-assets.digital.rema1000.dk/product/labels/6-64.webp"}, {"id": 38, "name": "Gluten fri", "image": "https://static-assets.digital.rema1000.dk/product/labels/38-64.webp"}], "description": null, "info": "", "images": [{"small": "https://rema-product-images.digital.rema1000.dk/70670/1-small-kOq3gVnq63.webp", "medium": "https://rema-product-images.digital.rema1000.dk/70670/1-medium-kOq3gVnq63.webp", "large": "https://rema-product-images.digital.rema1000.dk/70670/1-large-kOq3gVnq63.webp"}], "prices": [{"price": 27.95, "price_over_max_quantity": null, "max_quantity": null, "is_advertised": false, "is_campaign": false, "starting_at": "2023-02-02T00:00:00+00:00", "ending_at": "2099-12-31T00:00:00+00:00", "deposit": null, "compare_unit": "kg", "compare_unit_price": 199.64, "consumption_unit": null, "consumption_quantity": null}], "temperature_zone": null, "is_self_scale_item": false, "is_weight_item": false, "is_available_in_all_stores": true, "is_batch_item": false}
{"id": 70712, "name": "SIGDAL KNÆKBRØD", "underline": "220 GR. / URTER & HAVSALT", "age_limit": null, "hazard_precaution_statements": [], "labels": [{"id": 9001, "name": "Avisvare", "image": "https://static-assets.digital.rema1000.dk/product/labels/9001-64.webp"}], "description": null, "info": "", "images": [{"small": "https://rema-product-images.digital.rema1000.dk/70712/1-small-18oX72KPkb.webp", "medium": "https://rema-product-images.digital.rema1000.dk/70712/1-medium-18oX72KPkb.webp", "large": "https://rema-product-images.digital.rema1000.dk/70712/1-large-18oX72KPkb.webp"}], "prices": [{"price": 20, "price_over_max_quantity": null, "max_quantity": null, "is_advertised": true, "is_campaign": true, "starting_at": "2025-08-17T00:00:00+00:00", "ending_at": "2025-08-23T00:00:00+00:00", "deposit": null, "compare_unit": "kg", "compare_unit_price": 90.91, "consumption_unit": null, "consumption_quantity": null}, {"price": 22.95, "price_over_max_quantity": null, "max_quantity": null, "is_advertised": false, "is_campaign": false, "starting_at": "2025-08-24T00:00:00+00:00", "ending_at": "2099-12-31T00:00:00+00:00", "deposit": null, "compare_unit": "kg", "compare_unit_price": 104.32, "consumption_unit": null, "consumption_quantity": null}], "temperature_zone": null, "is_self_scale_item": false, "is_weight_item": false, "is_available_in_all_stores": true, "is_batch_item": false}
{"id": 70718, "name": "CHOKOLADEKIKS MÆLK", "underline": "125 GR. / REMA 1000", "age_limit": null, "hazard_precaution_statements": [], "labels": [{"id": 2, "name": "REMA1000", "image": "https://static-assets.digital.rema1000.dk/product/labels/2-64.webp"}, {"id": 95, "name": "Rainforest Alliance", "image": "https://static-assets.digital.rema1000.dk/product/labels/95-64.webp"}], "description": "Kiks med mælkechokoladeMed 63 % mælkechokolade med mindst 30 % kakaotørstof.", "info": "", "images": [{"small": "https://rema-product-images.digital.rema1000.dk/70718/1-small-2B947evqkM.webp", "medium": "https://rema-product-images.digital.rema1000.dk/70718/1-medium-2B947evqkM.webp", "large": "https://rema-product-images.digital.rema1000.dk/70718/1-large-2B947evqkM.webp"}], "prices": [{"price": 16.95, "price_over_max_quantity": null, "max_quantity": null, "is_advertised": false, "is_campaign": false, "starting_at": "2025-02-06T00:00:00+00:00", "ending_at": "2099-12-31T00:00:00+00:00", "deposit": null, "compare_unit": "kg", "compare_unit_price": 135.6, "consumption_unit": null, "consumption_quantity": null}], "temperature_zone": null, "is_self_scale_item": false, "is_weight_item": false, "is_available_in_all_stores": true, "is_batch_item": false}
{"id": 70743, "name": "CHIPS MED HAVSALT", "underline": "125 GR. / REMA 1000 ØKOLOGISK", "age_limit": null, "hazard_precaution_statements": [], "labels": [{"id": 2, "name": "REMA1000", "image": "https://static-assets.digital.rema1000.dk/product/labels/2-64.webp"}, {"id": 5, "name": "Økologi", "image": "https://static-assets.digital.rema1000.dk/product/labels/5-64.webp"}], "description": "VORES ØKOLOGISKE HAVSALT CHIPS ER LAVET AF LÆKRE KARTOFLER, DER ER STEGT I SOLSIKKEOLIE OG DRYSSET MED HAVSALT<br />", "info": "", "images": [{"small": "https://rema-product-images.digital.rema1000.dk/70743/1-small-dyomx7APVm.webp", "medium": "https://rema-product-images.digital.rema1000.dk/70743/1-medium-dyomx7APVm.webp", "large": "https://rema-product-images.digital.rema1000.dk/70743/1-large-dyomx7APVm.webp"}], "prices": [{"price": 18.95, "price_over_max_quantity": null, "max_quantity": null, "is_advertised": false, "is_campaign": false, "starting_at": "2023-08-10T00:00:00+00:00", "ending_at": "2099-12-31T00:00:00+00:00", "deposit": null, "compare_unit": "kg", "compare_unit_price": 151.6, "consumption_unit": null, "consumption_quantity": null}], "temperature_zone": null, "is_self_scale_item": false, "is_weight_item": false, "is_available_in_all_stores": true, "is_batch_item": false}
{"id": 70746, "name": "KAKAOKIKS M/CREME", "underline": "154 GR. / REMA 1000", "age_limit": null, "hazard_precaution_statements": [], "labels": [{"id": 2, "name": "REMA1000", "image": "https://static-assets.digital.rema1000.dk/product/labels/2-64.webp"}, {"id": 95, "name": "Rainforest Alliance", "image": "https://static-assets.digital.rema1000.dk/product/labels/95-64.webp"}], "description": null, "info": "", "images": [{"small": "https://rema-product-images.digital.rema1000.dk/70746/1-small-kAonDK39x8.webp", "medium": "https://rema-product-images.digital.rema1000.dk/70746/1-medium-kAonDK39x8.webp", "large": "https://rema-product-images.digital.rema1000.dk/70746/1-large-kAonDK39x8.webp"}], "prices": [{"price": 8.5, "price_over_max_quantity": null, "max_quantity": null, "is_advertised": false, "is_campaign": false, "starting_at": "2023-02-02T00:00:00+00:00", "ending_at": "2099-12-31T00:00:00+00:00", "deposit": null, "compare_unit": "kg", "compare_unit_price": 55.19, "consumption_unit": null, "consumption_quantity": null}], "temperature_zone": null, "is_self_scale_item": false, "is_weight_item": false, "is_available_in_all_stores": true, "is_batch_item": false}
{"id": 70748, "name": "VANILJEVAFLER", "underline": "150 GR. / REMA 1000", "age_limit": null, "hazard_precaution_statements": [], "labels": [{"id": 2, "name": "REMA1000", "image": "https://static-assets.digital.rema1000.dk/product/labels/2-64.webp"}], "description": null, "info": "", "images": [{"small": "https://rema-product-images.digital.rema1000.dk/70748/1-small-OJq5KYBPpr.webp", "medium": "https://rema-product-images.digital.rema1000.dk/70748/1-medium-OJq5KYBPpr.webp", "large": "https://rema-product-images.digital.rema1000.dk/70748/1-large-OJq5KYBPpr.webp"}], "prices": [{"price": 7.25, "price_over_max_quantity": null, "max_quantity": null, "is_advertised": false, "is_campaign": false, "starting_at": "2024-11-28T00:00:00+00:00", "ending_at": "2099-12-31T00:00:00+00:00", "deposit": null, "compare_unit": "kg", "compare_unit_price": 48.33, "consumption_unit": null, "consumption_quantity": null}], "temperature_zone": null, "is_self_scale_item": false, "is_weight_item": false, "is_available_in_all_stores": true, "is_batch_item": false}
{"id": 70754, "name": "DIGESTIVE MED FULDK.", "underline": "400 GR. / REMA 1000", "age_limit": null, "hazard_precaution_statements": [], "labels": [{"id": 2, "name": "REMA1000", "image": "https://static-assets.digital.rema1000.dk/product/labels/2-64.webp"}], "description": null, "info": "", "images": [{"small": "https://rema-product-images.digital.rema1000.dk/70754/1-small-Al905J3P8w.webp", "medium": "https://rema-product-images.digital.rema1000.dk/70754/1-medium-Al905J3P8w.webp", "large": "https://rema-product-images.digital.rema1000.dk/70754/1-large-Al905J3P8w.webp"}], "prices": [{"price": 12.5, "price_over_max_quantity": null, "max_quantity": null, "is_advertised": false, "is_campaign": false, "starting_at": "2022-11-17T00:00:00+00:00", "ending_at": "2099-12-31T00:00:00+00:00", "deposit": null, "compare_unit": "kg", "compare_unit_price": 31.25, "consumption_unit": null, "consumption_quantity": null}], "temperature_zone": null, "is_self_scale_item": false, "is_weight_item": false, "is_available_in_all_stores": true, "is_batch_item": false}
{"id": 70775, "name": "FULDKORNSKIKS", "underline": "255 GR. / MADAME BUTTERFLY", "age_limit": null, "hazard_precaution_statements": [], "labels": [{"id": 5, "name": "Økologi", "image": "https://static-assets.digital.rema1000.dk/product/labels/5-64.webp"}], "description": null, "info": "", "images": [{"small": "https://rema-product-images.digital.rema1000.dk/70775/1-small-01q2r24q7n.webp", "medium": "https://rema-product-images.digital.rema1000.dk/70775/1-medium-01q2r24q7n.webp", "large": "https://rema-product-images.digital.rema1000.dk/70775/1-large-01q2r24q7n.webp"}], "prices": [{"price": 12, "price_over_max_quantity": null, "max_quantity": null, "is_advertised": false, "is_campaign": false, "starting_at": "2022-07-01T00:00:00+00:00", "ending_at": "2099-12-31T00:00:00+00:00", "deposit": null, "compare_unit": "kg", "compare_unit_price": 47.06, "consumption_unit": null, "consumption_quantity": null}], "temperature_zone": null, "is_self_scale_item": false, "is_weight_item": false, "is_available_in_all_stores": true, "is_batch_item": false}
{"id": 70810, "name": "MUSLIBAR", "underline": "150 GR. / MØRK CHOKOLADE", "age_limit": null, "hazard_precaution_statements": [], "labels": [{"id": 9001, "name": "Avisvare", "image": "https://static-assets.digital.rema1000.dk/product/labels/9001-64.webp"}, {"id": 5, "name": "Økologi", "image": "https://static-assets.digital.rema1000.dk/product/labels/5-64.webp"}, {"id": 95, "name": "Rainforest Alliance", "image": "https://static-assets.digital.rema1000.dk/product/labels/95-64.webp"}], "description": null, "info": "", "images": [{"small": "https://rema-product-images.digital.rema1000.dk/70810/1-small-Al905eyP8w.webp", "medium": "https://rema-product-images.digital.rema1000.dk/70810/1-medium-Al905eyP8w.webp", "large": "https://rema-product-images.digital.rema1000.dk/70810/1-large-Al905eyP8w.webp"}], "prices": [{"price": 14, "price_over_max_quantity": null, "max_quantity": null, "is_advertised": true, "is_campaign": true, "starting_at": "2025-08-17T00:00:00+00:00", "ending_at": "2025-08-23T00:00:00+00:00", "deposit": null, "compare_unit": "kg", "compare_unit_price": 93.33, "consumption_unit": null, "consumption_quantity": null}, {"price": 16.5, "price_over_max_quantity": null, "max_quantity": null, "is_advertised": false, "is_campaign": false, "starting_at": "2025-08-24T00:00:00+00:00", "ending_at": "2099-12-31T00:00:00+00:00", "deposit": null, "compare_unit": "kg", "compare_unit_price": 110, "consumption_unit": null, "consumption_quantity": null}], "temperature_zone": null, "is_self_scale_item": false, "is_weight_item": false, "is_available_in_all_stores": true, "is_batch_item": false}
{"id": 70824, "name": "COCKTAIL MIX", "underline": "150 GR. / REMA 1000", "age_limit": null, "hazard_precaution_statements": [], "labels": [{"id": 2, "name": "REMA1000", "image": "https://static-assets.digital.rema1000.dk/product/labels/2-64.webp"}], "description": "<b>Discount med holdning</b><br />I REMA 1000 har vi fokus på kvalitet til lave priser og overskriften på vores arbejde er Discount med holdning.<br /><br />Vi har en klar holdning til alle de varer, vi sælger. Vi stiller ikke kun krav til kvaliteten af vores egne mærkevarer – det er også vigtigt for os, at emballagerne er designet til genanvendelse, at indholdet er uden problematiske stoffer, og at varerne er produceret ansvarligt samt mærket med tydelige og valide certificeringer.<br /><b> </b><br /><b>Om denne vare</b><br />REMA 1000 cocktail-mix er flere forskellige knasende majssnacks med smag af røget BBQ, BBQ og ost og majs med salt. Smager skønt og er et festligt valg til en cocktail eller perfekt til at stilne den lille sult.", "info": "", "images": [{"small": "https://rema-product-images.digital.rema1000.dk/70824/1-small-vXodeWvq3k.webp", "medium": "https://rema-product-images.digital.rema1000.dk/70824/1-medium-vXodeWvq3k.webp", "large": "https://rema-product-images.digital.rema1000.dk/70824/1-large-vXodeWvq3k.webp"}], "prices": [{"price": 15.25, "price_over_max_quantity": null, "max_quantity": null, "is_advertised": false, "is_campaign": false, "starting_at": "2024-05-16T00:00:00+00:00", "ending_at": "2099-12-31T00:00:00+00:00", "deposit": null, "compare_unit": "kg", "compare_unit_price": 101.67, "consumption_unit": null, "consumption_quantity": null}], "temperature_zone": null, "is_self_scale_item": false, "is_weight_item": false, "is_available_in_all_stores": true, "is_batch_item": false}
{"id": 70917, "name": "LINSECHIPS SC&O", "underline": "110 GR. / TAFFEL", "age_limit": null, "hazard_precaution_statements": [], "labels": [], "description": null, "info": "", "images": [{"small": "https://rema-product-images.digital.rema1000.dk/70917/1-small-Z8qpWL1o3N.webp", "medium": "https://rema-product-images.digital.rema1000.dk/70917/1-medium-Z8qpWL1o3N.webp", "large": "https://rema-product-images.digital.rema1000.dk/70917/1-large-Z8qpWL1o3N.webp"}], "prices": [{"price": 24.95, "price_over_max_quantity": null, "max_quantity": null, "is_advertised": false, "is_campaign": false, "starting_at": "2025-07-03T00:00:00+00:00", "ending_at": "2025-09-03T00:00:00+00:00", "deposit": null, "compare_unit": "kg", "compare_unit_price": 226.82, "consumption_unit": null, "consumption_quantity": null}], "temperature_zone": null, "is_self_scale_item": false, "is_weight_item": false, "is_available_in_all_stores": true, "is_batch_item": false}
{"id": 70934, "name": "RICE UP CHIPS", "underline": "60 GR. / SOUR CREAM/ONION", "age_limit": null, "hazard_precaution_statements": [], "labels": [], "description": null, "info": "", "images": [{"small": "https://rema-product-images.digital.rema1000.dk/70934/1-small-yLqGO25qd4.webp", "medium": "https://rema-product-images.digital.rema1000.dk/70934/1-medium-yLqGO25qd4.webp", "large": "https://rema-product-images.digital.rema1000.dk/70934/1-large-yLqGO25qd4.webp"}], "prices": [{"price": 9.5, "price_over_max_quantity": null, "max_quantity": null, "is_advertised": false, "is_campaign": false, "starting_at": "2022-10-27T00:00:00+00:00", "ending_at": "2099-12-31T00:00:00+00:00", "deposit": null, "compare_unit": "kg", "compare_unit_price": 158.33, "consumption_unit": null, "consumption_quantity": null}], "temperature_zone": null, "is_self_scale_item": false, "is_weight_item": false, "is_available_in_all_stores": true, "is_batch_item": false}
{"id": 71010, "name": "BARS CHOKO./HASSEL.", "underline": "150 GR. / REMA 1000", "age_limit": null, "hazard_precaution_statements": [], "labels": [{"id": 9001, "name": "Avisvare", "image": "https://static-assets.digital.rema1000.dk/product/labels/9001-64.webp"}, {"id": 2, "name": "REMA1000", "image": "https://static-assets.digital.rema1000.dk/product/labels/2-64.webp"}, {"id": 95, "name": "Rainforest Alliance", "image": "https://static-assets.digital.rema1000.dk/product/labels/95-64.webp"}], "description": null, "info": "", "images": [{"small": "https://rema-product-images.digital.rema1000.dk/71010/1-small-Al905QnP8w.webp", "medium": "https://rema-product-images.digital.rema1000.dk/71010/1-medium-Al905QnP8w.webp", "large": "https://rema-product-images.digital.rema1000.dk/71010/1-large-Al905QnP8w.webp"}], "prices": [{"price": 10, "price_over_max_quantity": null, "max_quantity": null, "is_advertised": true, "is_campaign": true, "starting_at": "2025-08-17T00:00:00+00:00", "ending_at": "2025-08-23T00:00:00+00:00", "deposit": null, "compare_unit": "kg", "compare_unit_price": 66.67, "consumption_unit": null, "consumption_quantity": null}, {"price": 11.95, "price_over_max_quantity": null, "max_quantity": null, "is_advertised": false, "is_campaign": false, "starting_at": "2025-08-24T00:00:00+00:00", "ending_at": "2099-12-31T00:00:00+00:00", "deposit": null, "compare_unit": "kg", "compare_unit_price": 79.67, "consumption_unit": null, "consumption_quantity": null}], "temperature_zone": null, "is_self_scale_item": false, "is_weight_item": false, "is_available_in_all_stores": true, "is_batch_item": false}
{"id": 71011, "name": "BARS BANANSMAG", "underline": "150 GR. / REMA 1000", "age_limit": null, "hazard_precaution_statements": [], "labels": [{"id": 9001, "name": "Avisvare", "image": "https://static-assets.digital.rema1000.dk/product/labels/9001-64.webp"}, {"id": 2, "name": "REMA1000", "image": "https://static-assets.digital.rema1000.dk/product/labels/2-64.webp"}, {"id": 95, "name": "Rainforest Alliance", "image": "https://static-assets.digital.rema1000.dk/product/labels/95-64.webp"}], "description": null, "info": "", "images": [{"small": "https://rema-product-images.digital.rema1000.dk/71011/1-small-A5qVrbpqaQ.webp", "medium": "https://rema-product-images.digital.rema1000.dk/71011/1-medium-A5qVrbpqaQ.webp", "large": "https://rema-product-images.digital.rema1000.dk/71011/1-large-A5qVrbpqaQ.webp"}], "prices": [{"price": 10, "price_over_max_quantity": null, "max_quantity": null, "is_advertised": true, "is_campaign": true, "starting_at": "2025-08-17T00:00:00+00:00", "ending_at": "2025-08-23T00:00:00+00:00", "deposit": null, "compare_unit": "kg", "compare_unit_price": 66.67, "consumption_unit": null, "consumption_quantity": null}, {"price": 11.95, "price_over_max_quantity": null, "max_quantity": null, "is_advertised": false, "is_campaign": false, "starting_at": "2025-08-24T00:00:00+00:00", "ending_at": "2099-12-31T00:00:00+00:00", "deposit": null, "compare_unit": "kg", "compare_unit_price": 79.67, "consumption_unit": null, "consumption_quantity": null}], "temperature_zone": null, "is_self_scale_item": false, "is_weight_item": false, "is_available_in_all_stores": true, "is_batch_item": false}
{"id": 71012, "name": "BARS CHOKO./PEANU.", "underline": "150 GR. / REMA 1000", "age_limit": null, "hazard_precaution_statements": [], "labels": [{"id": 9001, "name": "Avisvare", "image": "https://static-assets.digital.rema1000.dk/product/labels/9001-64.webp"}, {"id": 2, "name": "REMA1000", "image": "https://static-assets.digital.rema1000.dk/product/labels/2-64.webp"}, {"id": 95, "name": "Rainforest Alliance", "image": "https://static-assets.digital.rema1000.dk/product/labels/95-64.webp"}], "description": null, "info": "", "images": [{"small": "https://rema-product-images.digital.rema1000.dk/71012/1-small-18oX7RLPkb.webp", "medium": "https://rema-product-images.digital.rema1000.dk/71012/1-medium-18oX7RLPkb.webp", "large": "https://rema-product-images.digital.rema1000.dk/71012/1-large-18oX7RLPkb.webp"}], "prices": [{"price": 10, "price_over_max_quantity": null, "max_quantity": null, "is_advertised": true, "is_campaign": true, "starting_at": "2025-08-17T00:00:00+00:00", "ending_at": "2025-08-23T00:00:00+00:00", "deposit": null, "compare_unit": "kg", "compare_unit_price": 66.67, "consumption_unit": null, "consumption_quantity": null}, {"price": 11.95, "price_over_max_quantity": null, "max_quantity": null, "is_advertised": false, "is_campaign": false, "starting_at": "2025-08-24T00:00:00+00:00", "ending_at": "2099-12-31T00:00:00+00:00", "deposit": null, "compare_unit": "kg", "compare_unit_price": 79.67, "consumption_unit": null, "consumption_quantity": null}], "temperature_zone": null, "is_self_scale_item": false, "is_weight_item": false, "is_available_in_all_stores": true, "is_batch_item": false}
{"id": 71031, "name": "MARIE FULDK. KIKS", "underline": "225 GR. / REMA 1000", "age_limit": null, "hazard_precaution_statements": [], "labels": [{"id": 2, "name": "REMA1000", "image": "https://static-assets.digital.rema1000.dk/product/labels/2-64.webp"}], "description": null, "info": "", "images": [{"small": "https://rema-product-images.digital.rema1000.dk/71031/1-small-01q2rpwq7n.webp", "medium": "https://rema-product-images.digital.rema1000.dk/71031/1-medium-01q2rpwq7n.webp", "large": "https://rema-product-images.digital.rema1000.dk/71031/1-large-01q2rpwq7n.webp"}], "prices": [{"price": 5.95, "price_over_max_quantity": null, "max_quantity": null, "is_advertised": false, "is_campaign": false, "starting_at": "2022-11-17T00:00:00+00:00", "ending_at": "2099-12-31T00:00:00+00:00", "deposit": null, "compare_unit": "kg", "compare_unit_price": 26.44, "consumption_unit": null, "consumption_quantity": null}], "temperature_zone": null, "is_self_scale_item": false, "is_weight_item": false, "is_available_in_all_stores": true, "is_batch_item": false}
{"id": 71032, "name": "BARS KOKOS", "underline": "150 GR. / REMA 1000", "age_limit": null, "hazard_precaution_statements": [], "labels": [{"id": 9001, "name": "Avisvare", "image": "https://static-assets.digital.rema1000.dk/product/labels/9001-64.webp"}, {"id": 2, "name": "REMA1000", "image": "https://static-assets.digital.rema1000.dk/product/labels/2-64.webp"}, {"id": 95, "name": "Rainforest Alliance", "image": "https://static-assets.digital.rema1000.dk/product/labels/95-64.webp"}], "description": null, "info": "", "images": [{"small": "https://rema-product-images.digital.rema1000.dk/71032/1-small-nDPWgdYPWa.webp", "medium": "https://rema-product-images.digital.rema1000.dk/71032/1-medium-nDPWgdYPWa.webp", "large": "https://rema-product-images.digital.rema1000.dk/71032/1-large-nDPWgdYPWa.webp"}], "prices": [{"price": 10, "price_over_max_quantity": null, "max_quantity": null, "is_advertised": true, "is_campaign": false, "starting_at": "2025-08-17T00:00:00+00:00", "ending_at": "2025-11-15T00:00:00+00:00", "deposit": null, "compare_unit": "kg", "compare_unit_price": 66.67, "consumption_unit": null, "consumption_quantity": null}], "temperature_zone": null, "is_self_scale_item": false, "is_weight_item": false, "is_available_in_all_stores": true, "is_batch_item": true}
{"id": 71033, "name": "BARS CHOKO/PEANUT", "underline": "150 GR. / REMA 1000", "age_limit": null, "hazard_precaution_statements": [], "labels": [{"id": 9001, "name": "Avisvare", "image": "https://static-assets.digital.rema1000.dk/product/labels/9001-64.webp"}, {"id": 2, "name": "REMA1000", "image": "https://static-assets.digital.rema1000.dk/product/labels/2-64.webp"}, {"id": 95, "name": "Rainforest Alliance", "image": "https://static-assets.digital.rema1000.dk/product/labels/95-64.webp"}], "description": null, "info": "", "images": [{"small": "https://rema-product-images.digital.rema1000.dk/71033/1-small-YLPj3kVokx.webp", "medium": "https://rema-product-images.digital.rema1000.dk/71033/1-medium-YLPj3kVokx.webp", "large": "https://rema-product-images.digital.rema1000.dk/71033/1-large-YLPj3kVokx.webp"}], "prices": [{"price": 10, "price_over_max_quantity": null, "max_quantity": null, "is_advertised": true, "is_campaign": false, "starting_at": "2025-08-17T00:00:00+00:00", "ending_at": "2025-11-15T00:00:00+00:00", "deposit": null, "compare_unit": "kg", "compare_unit_price": 66.67, "consumption_unit": null, "consumption_quantity": null}], "temperature_zone": null, "is_self_scale_item": false, "is_weight_item": false, "is_available_in_all_stores": true, "is_batch_item": true}
{"id": 71035, "name": "MARIE KIKS", "underline": "200 GR. / REMA 1000", "age_limit": null, "hazard_precaution_statements": [], "labels": [{"id": 2, "name": "REMA1000", "image": "https://static-assets.digital.rema1000.dk/product/labels/2-64.webp"}], "description": null, "info": "", "images": [{"small": "https://rema-product-images.digital.rema1000.dk/71035/1-small-Gb9kOkD975.webp", "medium": "https://rema-product-images.digital.rema1000.dk/71035/1-medium-Gb9kOkD975.webp", "large": "https://rema-product-images.digital.rema1000.dk/71035/1-large-Gb9kOkD975.webp"}], "prices": [{"price": 4.25, "price_over_max_quantity": null, "max_quantity": null, "is_advertised": false, "is_campaign": false, "starting_at": "2022-11-17T00:00:00+00:00", "ending_at": "2099-12-31T00:00:00+00:00", "deposit": null, "compare_unit": "kg", "compare_unit_price": 21.25, "consumption_unit": null, "consumption_quantity": null}], "temperature_zone": null, "is_self_scale_item": false, "is_weight_item": false, "is_available_in_all_stores": true, "is_batch_item": false}
{"id": 71096, "name": "KNÆKBRØD BIRKES", "underline": "450 GR. / REMA 1000", "age_limit": null, "hazard_precaution_statements": [], "labels": [{"id": 2, "name": "REMA1000", "image": "https://static-assets.digital.rema1000.dk/product/labels/2-64.webp"}], "description": null, "info": "", "images": [{"small": "https://rema-product-images.digital.rema1000.dk/71096/1-small-NpP7VaV9Ol.webp", "medium": "https://rema-product-images.digital.rema1000.dk/71096/1-medium-NpP7VaV9Ol.webp", "large": "https://rema-product-images.digital.rema1000.dk/71096/1-large-NpP7VaV9Ol.webp"}], "prices": [{"price": 16.5, "price_over_max_quantity": null, "max_quantity": null, "is_advertised": false, "is_campaign": false, "starting_at": "2025-02-06T00:00:00+00:00", "ending_at": "2099-12-31T00:00:00+00:00", "deposit": null, "compare_unit": "kg", "compare_unit_price": 36.67, "consumption_unit": null, "consumption_quantity": null}], "temperature_zone": null, "is_self_scale_item": false, "is_weight_item": false, "is_available_in_all_stores": true, "is_batch_item": false}
{"id": 71137, "name": "KOKOSTOPPE", "underline": "200 GR. / REMA 1000, CHOKOBUND", "age_limit": null, "hazard_precaution_statements": [], "labels": [{"id": 2, "name": "REMA1000", "image": "https://static-assets.digital.rema1000.dk/product/labels/2-64.webp"}, {"id": 95, "name": "Rainforest Alliance", "image": "https://static-assets.digital.rema1000.dk/product/labels/95-64.webp"}], "description": null, "info": "", "images": [{"small": "https://rema-product-images.digital.rema1000.dk/71137/1-small-JzPJDNJqkb.webp", "medium": "https://rema-product-images.digital.rema1000.dk/71137/1-medium-JzPJDNJqkb.webp", "large": "https://rema-product-images.digital.rema1000.dk/71137/1-large-JzPJDNJqkb.webp"}], "prices": [{"price": 12.95, "price_over_max_quantity": null, "max_quantity": null, "is_advertised": false, "is_campaign": false, "starting_at": "2024-11-28T00:00:00+00:00", "ending_at": "2025-09-06T00:00:00+00:00", "deposit": null, "compare_unit": "kg", "compare_unit_price": 64.75, "consumption_unit": null, "consumption_quantity": null}], "temperature_zone": null, "is_self_scale_item": false, "is_weight_item": false, "is_available_in_all_stores": true, "is_batch_item": false}
{"id": 71206, "name": "DIGESTIVE", "underline": "400 GR. / REMA 1000", "age_limit": null, "hazard_precaution_statements": [], "labels": [{"id": 2, "name": "REMA1000", "image": "https://static-assets.digital.rema1000.dk/product/labels/2-64.webp"}], "description": null, "info": "", "images": [{"small": "https://rema-product-images.digital.rema1000.dk/71206/1-small-vVorGWBq3z.webp", "medium": "https://rema-product-images.digital.rema1000.dk/71206/1-medium-vVorGWBq3z.webp", "large": "https://rema-product-images.digital.rema1000.dk/71206/1-large-vVorGWBq3z.webp"}], "prices": [{"price": 6.95, "price_over_max_quantity": null, "max_quantity": null, "is_advertised": false, "is_campaign": false, "starting_at": "2022-11-17T00:00:00+00:00", "ending_at": "2099-12-31T00:00:00+00:00", "deposit": null, "compare_unit": "kg", "compare_unit_price": 17.38, "consumption_unit": null, "consumption_quantity": null}], "temperature_zone": null, "is_self_scale_item": false, "is_weight_item": false, "is_available_in_all_stores": true, "is_batch_item": false}
{"id": 71235, "name": "RUGBRØDSSNACKS", "underline": "110 GR. / MØRK", "age_limit": null, "hazard_precaution_statements": [], "labels": [{"id": 40, "name": "Nøglehul", "image": "https://static-assets.digital.rema1000.dk/product/labels/40-64.webp"}], "description": null, "info": "", "images": [{"small": "https://rema-product-images.digital.rema1000.dk/71235/1-small-Gb9kO1y975.webp", "medium": "https://rema-product-images.digital.rema1000.dk/71235/1-medium-Gb9kO1y975.webp", "large": "https://rema-product-images.digital.rema1000.dk/71235/1-large-Gb9kO1y975.webp"}], "prices": [{"price": 16.95, "price_over_max_quantity": null, "max_quantity": null, "is_advertised": false, "is_campaign": false, "starting_at": "2023-02-02T00:00:00+00:00", "ending_at": "2099-12-31T00:00:00+00:00", "deposit": null, "compare_unit": "kg", "compare_unit_price": 154.09, "consumption_unit": null, "consumption_quantity": null}], "temperature_zone": null, "is_self_scale_item": false, "is_weight_item": false, "is_available_in_all_stores": true, "is_batch_item": false}
{"id": 71282, "name": "NØDDEMIX", "underline": "66 GR. / REMA 1000", "age_limit": null, "hazard_precaution_statements": [], "labels": [{"id": 9001, "name": "Avisvare", "image": "https://static-assets.digital.rema1000.dk/product/labels/9001-64.webp"}, {"id": 2, "name": "REMA1000", "image": "https://static-assets.digital.rema1000.dk/product/labels/2-64.webp"}, {"id": 5, "name": "Økologi", "image": "https://static-assets.digital.rema1000.dk/product/labels/5-64.webp"}, {"id": 6, "name": "Økologi", "image": "https://static-assets.digital.rema1000.dk/product/labels/6-64.webp"}], "description": "<b>Discount med holdning</b><br />I REMA 1000 har vi fokus på kvalitet til lave priser og overskriften på vores arbejde er Discount med holdning.<br /><br />Vi har en klar holdning til alle de varer, vi sælger. Vi stiller ikke kun krav til kvaliteten af vores egne mærkevarer – det er også vigtigt for os, at emballagerne er designet til genanvendelse, at indholdet er uden problematiske stoffer, og at varerne er produceret ansvarligt samt mærket med tydelige og valide certificeringer.<br /><b> </b><br /><b>Om denne vare</b><br />REMA 1000 økologiske nøddemix er ristede og saltede jordnødder, cashewnødder og mandler. Smager skønt og er perfekt til at stilne den lille sult. <br /><br />Denne pose består af ca. 6 mindre poser a 11 g., og er derfor ideel som en snack på farten.", "info": "", "images": [{"small": "https://rema-product-images.digital.rema1000.dk/71282/1-small-MBoNGGpqvA.webp", "medium": "https://rema-product-images.digital.rema1000.dk/71282/1-medium-MBoNGGpqvA.webp", "large": "https://rema-product-images.digital.rema1000.dk/71282/1-large-MBoNGGpqvA.webp"}], "prices": [{"price": 10, "price_over_max_quantity": null, "max_quantity": null, "is_advertised": true, "is_campaign": true, "starting_at": "2025-08-17T00:00:00+00:00", "ending_at": "2025-08-23T00:00:00+00:00", "deposit": null, "compare_unit": "kg", "compare_unit_price": 151.52, "consumption_unit": null, "consumption_quantity": null}, {"price": 15.95, "price_over_max_quantity": null, "max_quantity": null, "is_advertised": false, "is_campaign": false, "starting_at": "2025-08-24T00:00:00+00:00", "ending_at": "2099-12-31T00:00:00+00:00", "deposit": null, "compare_unit": "kg", "compare_unit_price": 241.67, "consumption_unit": null, "consumption_quantity": null}], "temperature_zone": null, "is_self_scale_item": false, "is_weight_item": false, "is_available_in_all_stores": true, "is_batch_item": false}
{"id": 71284, "name": "KANEL GIFLER", "underline": "300 GR. / PÅGEN", "age_limit": null, "hazard_precaution_statements": [], "labels": [{"id": 9001, "name": "Avisvare", "image": "https://static-assets.digital.rema1000.dk/product/labels/9001-64.webp"}], "description": null, "info": "", "images": [{"small": "https://rema-product-images.digital.rema1000.dk/71284/1-small-rQqQBBw9ea.webp", "medium": "https://rema-product-images.digital.rema1000.dk/71284/1-medium-rQqQBBw9ea.webp", "large": "https://rema-product-images.digital.rema1000.dk/71284/1-large-rQqQBBw9ea.webp"}], "prices": [{"price": 10, "price_over_max_quantity": null, "max_quantity": null, "is_advertised": true, "is_campaign": true, "starting_at": "2025-08-17T00:00:00+00:00", "ending_at": "2025-08-23T00:00:00+00:00", "deposit": null, "compare_unit": "kg", "compare_unit_price": 33.33, "consumption_unit": null, "consumption_quantity": null}, {"price": 20.25, "price_over_max_quantity": null, "max_quantity": null, "is_advertised": false, "is_campaign": false, "starting_at": "2025-08-24T00:00:00+00:00", "ending_at": "2099-12-31T00:00:00+00:00", "deposit": null, "compare_unit": "kg", "compare_unit_price": 67.5, "consumption_unit": null, "consumption_quantity": null}], "temperature_zone": null, "is_self_scale_item": false, "is_weight_item": false, "is_available_in_all_stores": true, "is_batch_item": false}
{"id": 71286, "name": "DILD DIP", "underline": "16 GR. / REMA 1000", "age_limit": null, "hazard_precaution_statements": [], "labels": [{"id": 2, "name": "REMA1000", "image": "https://static-assets.digital.rema1000.dk/product/labels/2-64.webp"}], "description": "<b>Discount med holdning</b><br />I REMA 1000 har vi fokus på kvalitet til lave priser og overskriften på vores arbejde er Discount med holdning.<br /><br />Vi har en klar holdning til alle de varer, vi sælger. Vi stiller ikke kun krav til kvaliteten af vores egne mærkevarer – det er også vigtigt for os, at emballagerne er designet til genanvendelse, at indholdet er uden problematiske stoffer, og at varerne er produceret ansvarligt samt mærket med tydelige og valide certificeringer.<br /><b> </b><br /><b>Om denne vare</b><br />REMA 1000 DILD DIP er en elsket klassiker til dine yndlingschips og et must på bordet til fest og hyggelige sammenkomster.<br /><br /><b>Tilberedning</b>: Hæld posens indhold samt 1,5 dl creme fraiche 18 % i en skål og rør godt sammen. <br /><br /><b>Tip</b>: alternativt bruges skyr eller andet syrnet mælkeprodukt.", "info": "", "images": [{"small": "https://rema-product-images.digital.rema1000.dk/71286/1-small-A4PyEEAPLV.webp", "medium": "https://rema-product-images.digital.rema1000.dk/71286/1-medium-A4PyEEAPLV.webp", "large": "https://rema-product-images.digital.rema1000.dk/71286/1-large-A4PyEEAPLV.webp"}], "prices": [{"price": 4.25, "price_over_max_quantity": null, "max_quantity": null, "is_advertised": false, "is_campaign": false, "starting_at": "2023-01-12T00:00:00+00:00", "ending_at": "2025-09-06T00:00:00+00:00", "deposit": null, "compare_unit": "kg", "compare_unit_price": 265.63, "consumption_unit": null, "consumption_quantity": null}], "temperature_zone": null, "is_self_scale_item": false, "is_weight_item": false, "is_available_in_all_stores": true, "is_batch_item": false}
{"id": 71287, "name": "BBQ DIP", "underline": "16 GR. / REMA 1000", "age_limit": null, "hazard_precaution_statements": [], "labels": [{"id": 2, "name": "REMA1000", "image": "https://static-assets.digital.rema1000.dk/product/labels/2-64.webp"}], "description": "<b>Discount med holdning</b><br />I REMA 1000 har vi fokus på kvalitet til lave priser og overskriften på vores arbejde er Discount med holdning.<br /><br />Vi har en klar holdning til alle de varer, vi sælger. Vi stiller ikke kun krav til kvaliteten af vores egne mærkevarer – det er også vigtigt for os, at emballagerne er designet til genanvendelse, at indholdet er uden problematiske stoffer, og at varerne er produceret ansvarligt samt mærket med tydelige og valide certificeringer.<br /><b> </b><br /><b>Om denne vare</b><br />REMA 1000 BBQ DIP er en elsket klassiker til dine yndlingschips og et must på bordet til fest og hyggelige sammenkomster.<br /><br /><b>Tilberedning</b>: Hæld posens indhold samt 1,5 dl creme fraiche 18 % i en skål og rør godt sammen. <br /><br /><b>Tip</b>: alternativt bruges skyr eller andet syrnet mælkeprodukt.", "info": "", "images": [{"small": "https://rema-product-images.digital.rema1000.dk/71287/1-small-dyomxxYPVm.webp", "medium": "https://rema-product-images.digital.rema1000.dk/71287/1-medium-dyomxxYPVm.webp", "large": "https://rema-product-images.digital.rema1000.dk/71287/1-large-dyomxxYPVm.webp"}], "prices": [{"price": 4.25, "price_over_max_quantity": null, "max_quantity": null, "is_advertised": false, "is_campaign": false, "starting_at": "2023-01-12T00:00:00+00:00", "ending_at": "2025-09-06T00:00:00+00:00", "deposit": null, "compare_unit": "kg", "compare_unit_price": 265.63, "consumption_unit": null, "consumption_quantity": null}], "temperature_zone": null, "is_self_scale_item": false, "is_weight_item": false, "is_available_in_all_stores": true, "is_batch_item": false}
{"id": 71291, "name": "KRYDDERE", "underline": "125 GR. / REMA 1000", "age_limit": null, "hazard_precaution_statements": [], "labels": [{"id": 2, "name": "REMA1000", "image": "https://static-assets.digital.rema1000.dk/product/labels/2-64.webp"}], "description": null, "info": "", "images": [{"small": "https://rema-product-images.digital.rema1000.dk/71291/1-small-3MoMjjlq5E.webp", "medium": "https://rema-product-images.digital.rema1000.dk/71291/1-medium-3MoMjjlq5E.webp", "large": "https://rema-product-images.digital.rema1000.dk/71291/1-large-3MoMjjlq5E.webp"}], "prices": [{"price": 9.95, "price_over_max_quantity": null, "max_quantity": null, "is_advertised": false, "is_campaign": false, "starting_at": "2023-02-02T00:00:00+00:00", "ending_at": "2099-12-31T00:00:00+00:00", "deposit": null, "compare_unit": "kg", "compare_unit_price": 79.6, "consumption_unit": null, "consumption_quantity": null}], "temperature_zone": null, "is_self_scale_item": false, "is_weight_item": false, "is_available_in_all_stores": true, "is_batch_item": false}
{"id": 71309, "name": "VAFLER", "underline": "250 GR. / DAN CAKE", "age_limit": null, "hazard_precaution_statements": [], "labels": [], "description": null, "info": "", "images": [{"small": "https://rema-product-images.digital.rema1000.dk/71309/1-small-aboK22nPpM.webp", "medium": "https://rema-product-images.digital.rema1000.dk/71309/1-medium-aboK22nPpM.webp", "large": "https://rema-product-images.digital.rema1000.dk/71309/1-large-aboK22nPpM.webp"}], "prices": [{"price": 13.5, "price_over_max_quantity": null, "max_quantity": null, "is_advertised": false, "is_campaign": false, "starting_at": "2024-10-03T00:00:00+00:00", "ending_at": "2099-12-31T00:00:00+00:00", "deposit": null, "compare_unit": "kg", "compare_unit_price": 54, "consumption_unit": null, "consumption_quantity": null}], "temperature_zone": null, "is_self_scale_item": false, "is_weight_item": false, "is_available_in_all_stores": true, "is_batch_item": false}
{"id": 71328, "name": "PRETZELS", "underline": "180 GR. / SEA SALT", "age_limit": null, "hazard_precaution_statements": [], "labels": [], "description": null, "info": "", "images": [{"small": "https://rema-product-images.digital.rema1000.dk/71328/1-small-xyqaprloDb.webp", "medium": "https://rema-product-images.digital.rema1000.dk/71328/1-medium-xyqaprloDb.webp", "large": "https://rema-product-images.digital.rema1000.dk/71328/1-large-xyqaprloDb.webp"}], "prices": [{"price": 18, "price_over_max_quantity": null, "max_quantity": null, "is_advertised": false, "is_campaign": false, "starting_at": "2025-06-05T00:00:00+00:00", "ending_at": "2099-12-31T00:00:00+00:00", "deposit": null, "compare_unit": "kg", "compare_unit_price": 100, "consumption_unit": null, "consumption_quantity": null}], "temperature_zone": null, "is_self_scale_item": false, "is_weight_item": false, "is_available_in_all_stores": true, "is_batch_item": false}
{"id": 71361, "name": "LU TUC", "underline": "100 GR. / SOURCREAM/ONION", "age_limit": null, "hazard_precaution_statements": [], "labels": [], "description": null, "info": "", "images": [{"small": "https://rema-product-images.digital.rema1000.dk/71361/1-small-Z8qpWYYo3N.webp", "medium": "https://rema-product-images.digital.rema1000.dk/71361/1-medium-Z8qpWYYo3N.webp", "large": "https://rema-product-images.digital.rema1000.dk/71361/1-large-Z8qpWYYo3N.webp"}], "prices": [{"price": 11.5, "price_over_max_quantity": null, "max_quantity": null, "is_advertised": false, "is_campaign": false, "starting_at": "2025-07-01T00:00:00+00:00", "ending_at": "2099-12-31T00:00:00+00:00", "deposit": null, "compare_unit": "kg", "compare_unit_price": 115, "consumption_unit": null, "consumption_quantity": null}], "temperature_zone": null, "is_self_scale_item": false, "is_weight_item": false, "is_available_in_all_stores": true, "is_batch_item": false}
{"id": 71384, "name": "TOFFEE BISCUITS", "underline": "133 GR.", "age_limit": null, "hazard_precaution_statements": [], "labels": [], "description": null, "info": "", "images": [{"small": "https://rema-product-images.digital.rema1000.dk/71384/1-small-rQqQBkY9ea.webp", "medium": "https://rema-product-images.digital.rema1000.dk/71384/1-medium-rQqQBkY9ea.webp", "large": "https://rema-product-images.digital.rema1000.dk/71384/1-large-rQqQBkY9ea.webp"}], "prices": [{"price": 12.95, "price_over_max_quantity": null, "max_quantity": null, "is_advertised": false, "is_campaign": false, "starting_at": "2025-02-06T00:00:00+00:00", "ending_at": "2099-12-31T00:00:00+00:00", "deposit": null, "compare_unit": "kg", "compare_unit_price": 97.37, "consumption_unit": null, "consumption_quantity": null}], "temperature_zone": null, "is_self_scale_item": false, "is_weight_item": false, "is_available_in_all_stores": true, "is_batch_item": false}
{"id": 71432, "name": "MÜSLI BARS", "underline": "175 GR. / APRICOT", "age_limit": null, "hazard_precaution_statements": [], "labels": [], "description": null, "info": "", "images": [{"small": "https://rema-product-images.digital.rema1000.dk/71432/1-small-nDPWg4OPWa.webp", "medium": "https://rema-product-images.digital.rema1000.dk/71432/1-medium-nDPWg4OPWa.webp", "large": "https://rema-product-images.digital.rema1000.dk/71432/1-large-nDPWg4OPWa.webp"}], "prices": [{"price": 12.95, "price_over_max_quantity": null, "max_quantity": null, "is_advertised": false, "is_campaign": false, "starting_at": "2023-02-02T00:00:00+00:00", "ending_at": "2099-12-31T00:00:00+00:00", "deposit": null, "compare_unit": "kg", "compare_unit_price": 74, "consumption_unit": null, "consumption_quantity": null}], "temperature_zone": null, "is_self_scale_item": false, "is_weight_item": false, "is_available_in_all_stores": true, "is_batch_item": false}
{"id": 71498, "name": "CROUTONER, HVIDLØG", "underline": "75 GR. / REMA 1000", "age_limit": null, "hazard_precaution_statements": [], "labels": [{"id": 2, "name": "REMA1000", "image": "https://static-assets.digital.rema1000.dk/product/labels/2-64.webp"}], "description": null, "info": "", "images": [{"small": "https://rema-product-images.digital.rema1000.dk/71498/1-small-Al905LkP8w.webp", "medium": "https://rema-product-images.digital.rema1000.dk/71498/1-medium-Al905LkP8w.webp", "large": "https://rema-product-images.digital.rema1000.dk/71498/1-large-Al905LkP8w.webp"}], "prices": [{"price": 9.95, "price_over_max_quantity": null, "max_quantity": null, "is_advertised": false, "is_campaign": false, "starting_at": "2022-04-27T00:00:00+00:00", "ending_at": "2099-12-31T00:00:00+00:00", "deposit": null, "compare_unit": "kg", "compare_unit_price": 132.67, "consumption_unit": null, "consumption_quantity": null}], "temperature_zone": null, "is_self_scale_item": false, "is_weight_item": false, "is_available_in_all_stores": true, "is_batch_item": false}
{"id": 71499, "name": "HAVREKIKS, MÆLK", "underline": "280 GR. / REMA 1000", "age_limit": null, "hazard_precaution_statements": [], "labels": [{"id": 2, "name": "REMA1000", "image": "https://static-assets.digital.rema1000.dk/product/labels/2-64.webp"}, {"id": 95, "name": "Rainforest Alliance", "image": "https://static-assets.digital.rema1000.dk/product/labels/95-64.webp"}], "description": null, "info": "", "images": [{"small": "https://rema-product-images.digital.rema1000.dk/71499/1-small-A5qVrGwqaQ.webp", "medium": "https://rema-product-images.digital.rema1000.dk/71499/1-medium-A5qVrGwqaQ.webp", "large": "https://rema-product-images.digital.rema1000.dk/71499/1-large-A5qVrGwqaQ.webp"}], "prices": [{"price": 15.5, "price_over_max_quantity": null, "max_quantity": null, "is_advertised": false, "is_campaign": false, "starting_at": "2023-02-02T00:00:00+00:00", "ending_at": "2025-09-06T00:00:00+00:00", "deposit": null, "compare_unit": "kg", "compare_unit_price": 55.36, "consumption_unit": null, "consumption_quantity": null}], "temperature_zone": null, "is_self_scale_item": false, "is_weight_item": false, "is_available_in_all_stores": true, "is_batch_item": false}
{"id": 71539, "name": "EASIS KAKAOKIKS", "underline": "168 GR. / MED CREMEFYLD", "age_limit": null, "hazard_precaution_statements": [], "labels": [{"id": 31, "name": "Ikke tilsat sukker", "image": "https://static-assets.digital.rema1000.dk/product/labels/31-64.webp"}], "description": null, "info": "", "images": [{"small": "https://rema-product-images.digital.rema1000.dk/71539/1-small-zOPlajwoRW.webp", "medium": "https://rema-product-images.digital.rema1000.dk/71539/1-medium-zOPlajwoRW.webp", "large": "https://rema-product-images.digital.rema1000.dk/71539/1-large-zOPlajwoRW.webp"}], "prices": [{"price": 20.95, "price_over_max_quantity": null, "max_quantity": null, "is_advertised": false, "is_campaign": false, "starting_at": "2022-07-01T00:00:00+00:00", "ending_at": "2099-12-31T00:00:00+00:00", "deposit": null, "compare_unit": "kg", "compare_unit_price": 124.7, "consumption_unit": null, "consumption_quantity": null}], "temperature_zone": null, "is_self_scale_item": false, "is_weight_item": false, "is_available_in_all_stores": true, "is_batch_item": false}
{"id": 71558, "name": "BROWNIE KAGE", "underline": "285 GR.", "age_limit": null, "hazard_precaution_statements": [], "labels": [], "description": null, "info": "", "images": [{"small": "https://rema-product-images.digital.rema1000.dk/71558/1-small-3MovEm8PAb.webp", "medium": "https://rema-product-images.digital.rema1000.dk/71558/1-medium-3MovEm8PAb.webp", "large": "https://rema-product-images.digital.rema1000.dk/71558/1-large-3MovEm8PAb.webp"}], "prices": [{"price": 24.95, "price_over_max_quantity": null, "max_quantity": null, "is_advertised": false, "is_campaign": false, "starting_at": "2025-02-06T00:00:00+00:00", "ending_at": "2099-12-31T00:00:00+00:00", "deposit": null, "compare_unit": "kg", "compare_unit_price": 87.54, "consumption_unit": null, "consumption_quantity": null}], "temperature_zone": null, "is_self_scale_item": false, "is_weight_item": false, "is_available_in_all_stores": true, "is_batch_item": false}
{"id": 71586, "name": "RISKIKS MED HAVSALT", "underline": "100 GR. / REMA 1000", "age_limit": null, "hazard_precaution_statements": [], "labels": [{"id": 2, "name": "REMA1000", "image": "https://static-assets.digital.rema1000.dk/product/labels/2-64.webp"}], "description": null, "info": "", "images": [{"small": "https://rema-product-images.digital.rema1000.dk/71586/1-small-A4PyEddPLV.webp", "medium": "https://rema-product-images.digital.rema1000.dk/71586/1-medium-A4PyEddPLV.webp", "large": "https://rema-product-images.digital.rema1000.dk/71586/1-large-A4PyEddPLV.webp"}], "prices": [{"price": 4.95, "price_over_max_quantity": null, "max_quantity": null, "is_advertised": false, "is_campaign": false, "starting_at": "2009-06-04T00:00:00+00:00", "ending_at": "2099-12-31T00:00:00+00:00", "deposit": null, "compare_unit": "kg", "compare_unit_price": 49.5, "consumption_unit": null, "consumption_quantity": null}], "temperature_zone": null, "is_self_scale_item": false, "is_weight_item": false, "is_available_in_all_stores": true, "is_batch_item": false}
{"id": 71609, "name": "DYREKIKS", "underline": "125 GR. / REMA 1000", "age_limit": null, "hazard_precaution_statements": [], "labels": [{"id": 2, "name": "REMA1000", "image": "https://static-assets.digital.rema1000.dk/product/labels/2-64.webp"}], "description": null, "info": "", "images": [{"small": "https://rema-product-images.digital.rema1000.dk/71609/1-small-aboK2YWPpM.webp", "medium": "https://rema-product-images.digital.rema1000.dk/71609/1-medium-aboK2YWPpM.webp", "large": "https://rema-product-images.digital.rema1000.dk/71609/1-large-aboK2YWPpM.webp"}], "prices": [{"price": 14.95, "price_over_max_quantity": null, "max_quantity": null, "is_advertised": false, "is_campaign": false, "starting_at": "2025-02-06T00:00:00+00:00", "ending_at": "2099-12-31T00:00:00+00:00", "deposit": null, "compare_unit": "kg", "compare_unit_price": 119.6, "consumption_unit": null, "consumption_quantity": null}], "temperature_zone": null, "is_self_scale_item": false, "is_weight_item": false, "is_available_in_all_stores": true, "is_batch_item": false}
{"id": 71637, "name": "MARABOU HOMESTYLE", "underline": "156 GR. / OREO CREAM", "age_limit": null, "hazard_precaution_statements": [], "labels": [{"id": 9001, "name": "Avisvare", "image": "https://static-assets.digital.rema1000.dk/product/labels/9001-64.webp"}], "description": null, "info": "", "images": [{"small": "https://rema-product-images.digital.rema1000.dk/71637/1-small-JzPJej59kb.webp", "medium": "https://rema-product-images.digital.rema1000.dk/71637/1-medium-JzPJej59kb.webp", "large": "https://rema-product-images.digital.rema1000.dk/71637/1-large-JzPJej59kb.webp"}], "prices": [{"price": 20, "price_over_max_quantity": null, "max_quantity": null, "is_advertised": true, "is_campaign": true, "starting_at": "2025-08-17T00:00:00+00:00", "ending_at": "2025-08-23T00:00:00+00:00", "deposit": null, "compare_unit": "kg", "compare_unit_price": 128.21, "consumption_unit": null, "consumption_quantity": null}, {"price": 22, "price_over_max_quantity": null, "max_quantity": null, "is_advertised": false, "is_campaign": false, "starting_at": "2025-08-24T00:00:00+00:00", "ending_at": "2025-11-15T00:00:00+00:00", "deposit": null, "compare_unit": "kg", "compare_unit_price": 141.03, "consumption_unit": null, "consumption_quantity": null}], "temperature_zone": null, "is_self_scale_item": false, "is_weight_item": false, "is_available_in_all_stores": true, "is_batch_item": true}
{"id": 71648, "name": "CHILI NUTS", "underline": "325 GR. / TROPE", "age_limit": null, "hazard_precaution_statements": [], "labels": [{"id": 9001, "name": "Avisvare", "image": "https://static-assets.digital.rema1000.dk/product/labels/9001-64.webp"}], "description": null, "info": "", "images": [{"small": "https://rema-product-images.digital.rema1000.dk/71648/1-small-OJq5LzXopr.webp", "medium": "https://rema-product-images.digital.rema1000.dk/71648/1-medium-OJq5LzXopr.webp", "large": "https://rema-product-images.digital.rema1000.dk/71648/1-large-OJq5LzXopr.webp"}], "prices": [{"price": 20, "price_over_max_quantity": null, "max_quantity": null, "is_advertised": true, "is_campaign": false, "starting_at": "2025-08-17T00:00:00+00:00", "ending_at": "2025-11-15T00:00:00+00:00", "deposit": null, "compare_unit": "kg", "compare_unit_price": 61.54, "consumption_unit": null, "consumption_quantity": null}], "temperature_zone": null, "is_self_scale_item": false, "is_weight_item": false, "is_available_in_all_stores": true, "is_batch_item": true}
{"id": 71651, "name": "PEANUTS M/HONNING", "underline": "175 GR. / TROPE", "age_limit": null, "hazard_precaution_statements": [], "labels": [{"id": 9001, "name": "Avisvare", "image": "https://static-assets.digital.rema1000.dk/product/labels/9001-64.webp"}], "description": null, "info": "", "images": [{"small": "https://rema-product-images.digital.rema1000.dk/71651/1-small-v09gXRDPAW.webp", "medium": "https://rema-product-images.digital.rema1000.dk/71651/1-medium-v09gXRDPAW.webp", "large": "https://rema-product-images.digital.rema1000.dk/71651/1-large-v09gXRDPAW.webp"}], "prices": [{"price": 20, "price_over_max_quantity": null, "max_quantity": null, "is_advertised": true, "is_campaign": false, "starting_at": "2025-08-17T00:00:00+00:00", "ending_at": "2025-11-15T00:00:00+00:00", "deposit": null, "compare_unit": "kg", "compare_unit_price": 114.29, "consumption_unit": null, "consumption_quantity": null}], "temperature_zone": null, "is_self_scale_item": false, "is_weight_item": false, "is_available_in_all_stores": true, "is_batch_item": true}
{"id": 71667, "name": "CREAM COOKIES", "underline": "230 GR. / MINI 10 PAK", "age_limit": null, "hazard_precaution_statements": [], "labels": [], "description": null, "info": "", "images": [{"small": "https://rema-product-images.digital.rema1000.dk/71667/1-small-MNqZLjWPA7.webp", "medium": "https://rema-product-images.digital.rema1000.dk/71667/1-medium-MNqZLjWPA7.webp", "large": "https://rema-product-images.digital.rema1000.dk/71667/1-large-MNqZLjWPA7.webp"}], "prices": [{"price": 10, "price_over_max_quantity": null, "max_quantity": null, "is_advertised": false, "is_campaign": false, "starting_at": "2022-12-06T00:00:00+00:00", "ending_at": "2099-12-31T00:00:00+00:00", "deposit": null, "compare_unit": "kg", "compare_unit_price": 43.48, "consumption_unit": null, "consumption_quantity": null}], "temperature_zone": null, "is_self_scale_item": false, "is_weight_item": false, "is_available_in_all_stores": true, "is_batch_item": false}
{"id": 71688, "name": "PARTYBARS", "underline": "162 GR.", "age_limit": null, "hazard_precaution_statements": [], "labels": [], "description": null, "info": "", "images": [{"small": "https://rema-product-images.digital.rema1000.dk/71688/1-small-xePwaydqw8.webp", "medium": "https://rema-product-images.digital.rema1000.dk/71688/1-medium-xePwaydqw8.webp", "large": "https://rema-product-images.digital.rema1000.dk/71688/1-large-xePwaydqw8.webp"}], "prices": [{"price": 16.95, "price_over_max_quantity": null, "max_quantity": null, "is_advertised": false, "is_campaign": false, "starting_at": "2025-02-06T00:00:00+00:00", "ending_at": "2099-12-31T00:00:00+00:00", "deposit": null, "compare_unit": "kg", "compare_unit_price": 104.63, "consumption_unit": null, "consumption_quantity": null}], "temperature_zone": null, "is_self_scale_item": false, "is_weight_item": false, "is_available_in_all_stores": true, "is_batch_item": false}
{"id": 71725, "name": "FRUGTKIKS ÆBLE&KANEL", "underline": "218 GR. / REMA 1000", "age_limit": null, "hazard_precaution_statements": [], "labels": [{"id": 2, "name": "REMA1000", "image": "https://static-assets.digital.rema1000.dk/product/labels/2-64.webp"}], "description": null, "info": "", "images": [{"small": "https://rema-product-images.digital.rema1000.dk/71725/1-small-Ea91Wk5ozY.webp", "medium": "https://rema-product-images.digital.rema1000.dk/71725/1-medium-Ea91Wk5ozY.webp", "large": "https://rema-product-images.digital.rema1000.dk/71725/1-large-Ea91Wk5ozY.webp"}], "prices": [{"price": 10, "price_over_max_quantity": null, "max_quantity": null, "is_advertised": false, "is_campaign": false, "starting_at": "2023-02-10T00:00:00+00:00", "ending_at": "2099-12-31T00:00:00+00:00", "deposit": null, "compare_unit": "kg", "compare_unit_price": 45.87, "consumption_unit": null, "consumption_quantity": null}], "temperature_zone": null, "is_self_scale_item": false, "is_weight_item": false, "is_available_in_all_stores": true, "is_batch_item": false}
{"id": 71726, "name": "FRUGTKIKS SKOVBÆR", "underline": "218 GR. / REMA 1000", "age_limit": null, "hazard_precaution_statements": [], "labels": [{"id": 2, "name": "REMA1000", "image": "https://static-assets.digital.rema1000.dk/product/labels/2-64.webp"}], "description": null, "info": "", "images": [{"small": "https://rema-product-images.digital.rema1000.dk/71726/1-small-kOq3G3nq63.webp", "medium": "https://rema-product-images.digital.rema1000.dk/71726/1-medium-kOq3G3nq63.webp", "large": "https://rema-product-images.digital.rema1000.dk/71726/1-large-kOq3G3nq63.webp"}], "prices": [{"price": 10, "price_over_max_quantity": null, "max_quantity": null, "is_advertised": false, "is_campaign": false, "starting_at": "2023-02-10T00:00:00+00:00", "ending_at": "2099-12-31T00:00:00+00:00", "deposit": null, "compare_unit": "kg", "compare_unit_price": 45.87, "consumption_unit": null, "consumption_quantity": null}], "temperature_zone": null, "is_self_scale_item": false, "is_weight_item": false, "is_available_in_all_stores": true, "is_batch_item": false}
{"id": 71731, "name": "DELIKATESS SESAM", "underline": "285 GR. / WASA", "age_limit": null, "hazard_precaution_statements": [], "labels": [{"id": 40, "name": "Nøglehul", "image": "https://static-assets.digital.rema1000.dk/product/labels/40-64.webp"}, {"id": 43, "name": "Fuldkorn", "image": "https://static-assets.digital.rema1000.dk/product/labels/43-64.webp"}], "description": null, "info": "", "images": [{"small": "https://rema-product-images.digital.rema1000.dk/71731/1-small-01q2j1dq7n.webp", "medium": "https://rema-product-images.digital.rema1000.dk/71731/1-medium-01q2j1dq7n.webp", "large": "https://rema-product-images.digital.rema1000.dk/71731/1-large-01q2j1dq7n.webp"}], "prices": [{"price": 22.95, "price_over_max_quantity": null, "max_quantity": null, "is_advertised": false, "is_campaign": false, "starting_at": "2023-02-02T00:00:00+00:00", "ending_at": "2025-09-06T00:00:00+00:00", "deposit": null, "compare_unit": "kg", "compare_unit_price": 80.53, "consumption_unit": null, "consumption_quantity": null}], "temperature_zone": null, "is_self_scale_item": false, "is_weight_item": false, "is_available_in_all_stores": true, "is_batch_item": false}
{"id": 71738, "name": "SANDWICH KIKS", "underline": "168 GR. / MED KAKAOCREME", "age_limit": null, "hazard_precaution_statements": [], "labels": [{"id": 31, "name": "Ikke tilsat sukker", "image": "https://static-assets.digital.rema1000.dk/product/labels/31-64.webp"}], "description": null, "info": "", "images": [{"small": "https://rema-product-images.digital.rema1000.dk/71738/1-small-MBoNdpb9vA.webp", "medium": "https://rema-product-images.digital.rema1000.dk/71738/1-medium-MBoNdpb9vA.webp", "large": "https://rema-product-images.digital.rema1000.dk/71738/1-large-MBoNdpb9vA.webp"}], "prices": [{"price": 20.95, "price_over_max_quantity": null, "max_quantity": null, "is_advertised": false, "is_campaign": false, "starting_at": "2022-06-30T00:00:00+00:00", "ending_at": "2099-12-31T00:00:00+00:00", "deposit": null, "compare_unit": "kg", "compare_unit_price": 124.7, "consumption_unit": null, "consumption_quantity": null}], "temperature_zone": null, "is_self_scale_item": false, "is_weight_item": false, "is_available_in_all_stores": true, "is_batch_item": false}
{"id": 71748, "name": "SALTSTÆNGER", "underline": "200 GR. / REMA 1000", "age_limit": null, "hazard_precaution_statements": [], "labels": [{"id": 2, "name": "REMA1000", "image": "https://static-assets.digital.rema1000.dk/product/labels/2-64.webp"}], "description": null, "info": "", "images": [{"small": "https://rema-product-images.digital.rema1000.dk/71748/1-small-OJq5Lalopr.webp", "medium": "https://rema-product-images.digital.rema1000.dk/71748/1-medium-OJq5Lalopr.webp", "large": "https://rema-product-images.digital.rema1000.dk/71748/1-large-OJq5Lalopr.webp"}], "prices": [{"price": 5.25, "price_over_max_quantity": null, "max_quantity": null, "is_advertised": false, "is_campaign": false, "starting_at": "2023-03-08T00:00:00+00:00", "ending_at": "2099-12-31T00:00:00+00:00", "deposit": null, "compare_unit": "kg", "compare_unit_price": 26.25, "consumption_unit": null, "consumption_quantity": null}], "temperature_zone": null, "is_self_scale_item": false, "is_weight_item": false, "is_available_in_all_stores": true, "is_batch_item": false}
{"id": 71749, "name": "VAFFELRØR", "underline": "250 GR. / REMA 1000", "age_limit": null, "hazard_precaution_statements": [], "labels": [{"id": 2, "name": "REMA1000", "image": "https://static-assets.digital.rema1000.dk/product/labels/2-64.webp"}, {"id": 90, "name": "Rainforest Alliance certificeret", "image": "https://static-assets.digital.rema1000.dk/product/labels/90-64.webp"}], "description": null, "info": "", "images": [{"small": "https://rema-product-images.digital.rema1000.dk/71749/1-small-xQq8nYLPZd.webp", "medium": "https://rema-product-images.digital.rema1000.dk/71749/1-medium-xQq8nYLPZd.webp", "large": "https://rema-product-images.digital.rema1000.dk/71749/1-large-xQq8nYLPZd.webp"}], "prices": [{"price": 20, "price_over_max_quantity": null, "max_quantity": null, "is_advertised": false, "is_campaign": false, "starting_at": "2023-03-06T00:00:00+00:00", "ending_at": "2099-12-31T00:00:00+00:00", "deposit": null, "compare_unit": "kg", "compare_unit_price": 80, "consumption_unit": null, "consumption_quantity": null}], "temperature_zone": null, "is_self_scale_item": false, "is_weight_item": false, "is_available_in_all_stores": true, "is_batch_item": false}
{"id": 71757, "name": "RUNDA KANEL", "underline": "330 GR. / WASA", "age_limit": null, "hazard_precaution_statements": [], "labels": [{"id": 9001, "name": "Avisvare", "image": "https://static-assets.digital.rema1000.dk/product/labels/9001-64.webp"}], "description": null, "info": "", "images": [{"small": "https://rema-product-images.digital.rema1000.dk/71757/1-small-wyPbg0goEm.webp", "medium": "https://rema-product-images.digital.rema1000.dk/71757/1-medium-wyPbg0goEm.webp", "large": "https://rema-product-images.digital.rema1000.dk/71757/1-large-wyPbg0goEm.webp"}], "prices": [{"price": 20, "price_over_max_quantity": null, "max_quantity": null, "is_advertised": true, "is_campaign": true, "starting_at": "2025-08-17T00:00:00+00:00", "ending_at": "2025-08-23T00:00:00+00:00", "deposit": null, "compare_unit": "kg", "compare_unit_price": 60.61, "consumption_unit": null, "consumption_quantity": null}, {"price": 29.95, "price_over_max_quantity": null, "max_quantity": null, "is_advertised": false, "is_campaign": false, "starting_at": "2025-08-24T00:00:00+00:00", "ending_at": "2099-12-31T00:00:00+00:00", "deposit": null, "compare_unit": "kg", "compare_unit_price": 90.76, "consumption_unit": null, "consumption_quantity": null}], "temperature_zone": null, "is_self_scale_item": false, "is_weight_item": false, "is_available_in_all_stores": true, "is_batch_item": false}
{"id": 71760, "name": "FRUKOST", "underline": "480 GR. / WASA", "age_limit": null, "hazard_precaution_statements": [], "labels": [], "description": null, "info": "", "images": [{"small": "https://rema-product-images.digital.rema1000.dk/71760/1-small-6xqAVxb9Dr.webp", "medium": "https://rema-product-images.digital.rema1000.dk/71760/1-medium-6xqAVxb9Dr.webp", "large": "https://rema-product-images.digital.rema1000.dk/71760/1-large-6xqAVxb9Dr.webp"}], "prices": [{"price": 30.95, "price_over_max_quantity": null, "max_quantity": null, "is_advertised": false, "is_campaign": false, "starting_at": "2023-02-02T00:00:00+00:00", "ending_at": "2099-12-31T00:00:00+00:00", "deposit": null, "compare_unit": "kg", "compare_unit_price": 64.48, "consumption_unit": null, "consumption_quantity": null}], "temperature_zone": null, "is_self_scale_item": false, "is_weight_item": false, "is_available_in_all_stores": true, "is_batch_item": false}
{"id": 71768, "name": "WASA", "underline": "275 GR. / SPORT", "age_limit": null, "hazard_precaution_statements": [], "labels": [{"id": 40, "name": "Nøglehul", "image": "https://static-assets.digital.rema1000.dk/product/labels/40-64.webp"}, {"id": 43, "name": "Fuldkorn", "image": "https://static-assets.digital.rema1000.dk/product/labels/43-64.webp"}], "description": "Wasa Fuldkornsknækbrød med Rugklid Groft knækbrød som bages på fuldkorn og strøs med rugklid. Kostfibre er en del af kornet hvoraf størstedelen findes i kliden. Kostfibre giver dig en god mæthedsfornemmelse og hjælper dig med at holde maven i god form. Fuldkornsmel indeholder naturligt mange kostfibre. Fuldkornsmel er mel malet af hele kornet og er dermed det mest næringsrige, da det er i kornets ydre dele, at man finder de fleste kostfibre, vitaminer og mineraler. Forskere opdager flere og flere fordele ved fuldkorn, udover at det holder maven i form. 106 g fuldkornsbestanddele er anvendt til at bage 100 g brød", "info": "", "images": [{"small": "https://rema-product-images.digital.rema1000.dk/71768/1-small-vXodKXYP3k.webp", "medium": "https://rema-product-images.digital.rema1000.dk/71768/1-medium-vXodKXYP3k.webp", "large": "https://rema-product-images.digital.rema1000.dk/71768/1-large-vXodKXYP3k.webp"}], "prices": [{"price": 21.95, "price_over_max_quantity": null, "max_quantity": null, "is_advertised": false, "is_campaign": false, "starting_at": "2023-02-02T00:00:00+00:00", "ending_at": "2025-09-06T00:00:00+00:00", "deposit": null, "compare_unit": "kg", "compare_unit_price": 79.82, "consumption_unit": null, "consumption_quantity": null}], "temperature_zone": null, "is_self_scale_item": false, "is_weight_item": false, "is_available_in_all_stores": true, "is_batch_item": false}
{"id": 71770, "name": "WASA CRACKERS", "underline": "180 GR. / HAVSALT", "age_limit": null, "hazard_precaution_statements": [], "labels": [{"id": 9001, "name": "Avisvare", "image": "https://static-assets.digital.rema1000.dk/product/labels/9001-64.webp"}], "description": null, "info": "", "images": [{"small": "https://rema-product-images.digital.rema1000.dk/71770/1-small-kOq3GWnq63.webp", "medium": "https://rema-product-images.digital.rema1000.dk/71770/1-medium-kOq3GWnq63.webp", "large": "https://rema-product-images.digital.rema1000.dk/71770/1-large-kOq3GWnq63.webp"}], "prices": [{"price": 20, "price_over_max_quantity": null, "max_quantity": null, "is_advertised": true, "is_campaign": true, "starting_at": "2025-08-17T00:00:00+00:00", "ending_at": "2025-08-23T00:00:00+00:00", "deposit": null, "compare_unit": "kg", "compare_unit_price": 111.11, "consumption_unit": null, "consumption_quantity": null}, {"price": 26.5, "price_over_max_quantity": null, "max_quantity": null, "is_advertised": false, "is_campaign": false, "starting_at": "2025-08-24T00:00:00+00:00", "ending_at": "2099-12-31T00:00:00+00:00", "deposit": null, "compare_unit": "kg", "compare_unit_price": 147.22, "consumption_unit": null, "consumption_quantity": null}], "temperature_zone": null, "is_self_scale_item": false, "is_weight_item": false, "is_available_in_all_stores": true, "is_batch_item": false}
{"id": 71781, "name": "WASA DIN STUND", "underline": "270 GR. / CHIA & HAVSALT", "age_limit": null, "hazard_precaution_statements": [], "labels": [{"id": 9001, "name": "Avisvare", "image": "https://static-assets.digital.rema1000.dk/product/labels/9001-64.webp"}], "description": null, "info": "", "images": [{"small": "https://rema-product-images.digital.rema1000.dk/71781/1-small-JzPJe7b9kb.webp", "medium": "https://rema-product-images.digital.rema1000.dk/71781/1-medium-JzPJe7b9kb.webp", "large": "https://rema-product-images.digital.rema1000.dk/71781/1-large-JzPJe7b9kb.webp"}], "prices": [{"price": 20, "price_over_max_quantity": null, "max_quantity": null, "is_advertised": true, "is_campaign": false, "starting_at": "2025-08-17T00:00:00+00:00", "ending_at": "2025-11-15T00:00:00+00:00", "deposit": null, "compare_unit": "kg", "compare_unit_price": 74.07, "consumption_unit": null, "consumption_quantity": null}], "temperature_zone": null, "is_self_scale_item": false, "is_weight_item": false, "is_available_in_all_stores": true, "is_batch_item": true}
{"id": 71806, "name": "FULDKORNS SKORPER", "underline": "240 GR. / PÅGEN", "age_limit": null, "hazard_precaution_statements": [], "labels": [{"id": 40, "name": "Nøglehul", "image": "https://static-assets.digital.rema1000.dk/product/labels/40-64.webp"}], "description": null, "info": "", "images": [{"small": "https://rema-product-images.digital.rema1000.dk/71806/1-small-vVorZEpo3z.webp", "medium": "https://rema-product-images.digital.rema1000.dk/71806/1-medium-vVorZEpo3z.webp", "large": "https://rema-product-images.digital.rema1000.dk/71806/1-large-vVorZEpo3z.webp"}], "prices": [{"price": 20, "price_over_max_quantity": null, "max_quantity": null, "is_advertised": false, "is_campaign": false, "starting_at": "2023-04-14T00:00:00+00:00", "ending_at": "2099-12-31T00:00:00+00:00", "deposit": null, "compare_unit": "kg", "compare_unit_price": 83.33, "consumption_unit": null, "consumption_quantity": null}], "temperature_zone": null, "is_self_scale_item": false, "is_weight_item": false, "is_available_in_all_stores": true, "is_batch_item": false}
{"id": 71833, "name": "LU BASTOGNE", "underline": "200 GR.", "age_limit": null, "hazard_precaution_statements": [], "labels": [], "description": null, "info": "", "images": [{"small": "https://rema-product-images.digital.rema1000.dk/71833/1-small-YLPjRyMPkx.webp", "medium": "https://rema-product-images.digital.rema1000.dk/71833/1-medium-YLPjRyMPkx.webp", "large": "https://rema-product-images.digital.rema1000.dk/71833/1-large-YLPjRyMPkx.webp"}], "prices": [{"price": 22.95, "price_over_max_quantity": null, "max_quantity": null, "is_advertised": false, "is_campaign": false, "starting_at": "2023-12-07T00:00:00+00:00", "ending_at": "2025-08-23T00:00:00+00:00", "deposit": null, "compare_unit": "kg", "compare_unit_price": 114.75, "consumption_unit": null, "consumption_quantity": null}], "temperature_zone": null, "is_self_scale_item": false, "is_weight_item": false, "is_available_in_all_stores": false, "is_batch_item": false}
{"id": 71857, "name": "TRÆSTAMMER", "underline": "200 GR. / REMA 1000", "age_limit": null, "hazard_precaution_statements": [], "labels": [{"id": 2, "name": "REMA1000", "image": "https://static-assets.digital.rema1000.dk/product/labels/2-64.webp"}, {"id": 90, "name": "Rainforest Alliance certificeret", "image": "https://static-assets.digital.rema1000.dk/product/labels/90-64.webp"}], "description": null, "info": "", "images": [{"small": "https://rema-product-images.digital.rema1000.dk/71857/1-small-wyPbgLLoEm.webp", "medium": "https://rema-product-images.digital.rema1000.dk/71857/1-medium-wyPbgLLoEm.webp", "large": "https://rema-product-images.digital.rema1000.dk/71857/1-large-wyPbgLLoEm.webp"}], "prices": [{"price": 13.5, "price_over_max_quantity": null, "max_quantity": null, "is_advertised": false, "is_campaign": false, "starting_at": "2024-10-03T00:00:00+00:00", "ending_at": "2025-09-06T00:00:00+00:00", "deposit": null, "compare_unit": "kg", "compare_unit_price": 67.5, "consumption_unit": null, "consumption_quantity": null}], "temperature_zone": null, "is_self_scale_item": false, "is_weight_item": false, "is_available_in_all_stores": true, "is_batch_item": false}
{"id": 71862, "name": "CHILI PEANUTS", "underline": "140 GR. / REMA 1000", "age_limit": null, "hazard_precaution_statements": [], "labels": [{"id": 2, "name": "REMA1000", "image": "https://static-assets.digital.rema1000.dk/product/labels/2-64.webp"}], "description": null, "info": "", "images": [{"small": "https://rema-product-images.digital.rema1000.dk/71862/1-small-2B94kpvqkM.webp", "medium": "https://rema-product-images.digital.rema1000.dk/71862/1-medium-2B94kpvqkM.webp", "large": "https://rema-product-images.digital.rema1000.dk/71862/1-large-2B94kpvqkM.webp"}], "prices": [{"price": 15.95, "price_over_max_quantity": null, "max_quantity": null, "is_advertised": false, "is_campaign": false, "starting_at": "2023-09-12T00:00:00+00:00", "ending_at": "2099-12-31T00:00:00+00:00", "deposit": null, "compare_unit": "kg", "compare_unit_price": 113.93, "consumption_unit": null, "consumption_quantity": null}], "temperature_zone": null, "is_self_scale_item": false, "is_weight_item": false, "is_available_in_all_stores": true, "is_batch_item": false}
{"id": 71894, "name": "RICE UP RISBAR", "underline": "18 GR. / MØRK CHOKOLADE", "age_limit": null, "hazard_precaution_statements": [], "labels": [], "description": null, "info": "", "images": [{"small": "https://rema-product-images.digital.rema1000.dk/71894/1-small-vVorZgpo3z.webp", "medium": "https://rema-product-images.digital.rema1000.dk/71894/1-medium-vVorZgpo3z.webp", "large": "https://rema-product-images.digital.rema1000.dk/71894/1-large-vVorZgpo3z.webp"}], "prices": [{"price": 5, "price_over_max_quantity": null, "max_quantity": null, "is_advertised": false, "is_campaign": false, "starting_at": "2023-10-17T00:00:00+00:00", "ending_at": "2099-12-31T00:00:00+00:00", "deposit": null, "compare_unit": "kg", "compare_unit_price": 277.78, "consumption_unit": null, "consumption_quantity": null}], "temperature_zone": null, "is_self_scale_item": false, "is_weight_item": false, "is_available_in_all_stores": true, "is_batch_item": false}
{"id": 71924, "name": "FUSETTI PIZZA", "underline": "120 GR.", "age_limit": null, "hazard_precaution_statements": [], "labels": [], "description": null, "info": "", "images": [{"small": "https://rema-product-images.digital.rema1000.dk/71924/1-small-vXodKyvP3k.webp", "medium": "https://rema-product-images.digital.rema1000.dk/71924/1-medium-vXodKyvP3k.webp", "large": "https://rema-product-images.digital.rema1000.dk/71924/1-large-vXodKyvP3k.webp"}], "prices": [{"price": 10, "price_over_max_quantity": null, "max_quantity": null, "is_advertised": false, "is_campaign": false, "starting_at": "2023-11-14T00:00:00+00:00", "ending_at": "2099-12-31T00:00:00+00:00", "deposit": null, "compare_unit": "kg", "compare_unit_price": 83.33, "consumption_unit": null, "consumption_quantity": null}], "temperature_zone": null, "is_self_scale_item": false, "is_weight_item": false, "is_available_in_all_stores": true, "is_batch_item": false}
{"id": 71973, "name": "MAJSKAGER", "underline": "105 GR. / EKSTRA TYNDE", "age_limit": null, "hazard_precaution_statements": [], "labels": [], "description": null, "info": "", "images": [{"small": "https://rema-product-images.digital.rema1000.dk/71973/1-small-pYqxxMwq1L.webp", "medium": "https://rema-product-images.digital.rema1000.dk/71973/1-medium-pYqxxMwq1L.webp", "large": "https://rema-product-images.digital.rema1000.dk/71973/1-large-pYqxxMwq1L.webp"}], "prices": [{"price": 7, "price_over_max_quantity": null, "max_quantity": null, "is_advertised": false, "is_campaign": false, "starting_at": "2023-12-21T00:00:00+00:00", "ending_at": "2099-12-31T00:00:00+00:00", "deposit": null, "compare_unit": "kg", "compare_unit_price": 66.67, "consumption_unit": null, "consumption_quantity": null}], "temperature_zone": null, "is_self_scale_item": false, "is_weight_item": false, "is_available_in_all_stores": true, "is_batch_item": false}
{"id": 71974, "name": "SALTEDE PEANUTS", "underline": "425 GR. / TROPE", "age_limit": null, "hazard_precaution_statements": [], "labels": [{"id": 9001, "name": "Avisvare", "image": "https://static-assets.digital.rema1000.dk/product/labels/9001-64.webp"}], "description": "Ristede og Saltede Peanuts.<br />", "info": "", "images": [{"small": "https://rema-product-images.digital.rema1000.dk/71974/1-small-869DvweoMa.webp", "medium": "https://rema-product-images.digital.rema1000.dk/71974/1-medium-869DvweoMa.webp", "large": "https://rema-product-images.digital.rema1000.dk/71974/1-large-869DvweoMa.webp"}], "prices": [{"price": 20, "price_over_max_quantity": null, "max_quantity": null, "is_advertised": true, "is_campaign": false, "starting_at": "2025-08-17T00:00:00+00:00", "ending_at": "2025-11-15T00:00:00+00:00", "deposit": null, "compare_unit": "kg", "compare_unit_price": 47.06, "consumption_unit": null, "consumption_quantity": null}], "temperature_zone": null, "is_self_scale_item": false, "is_weight_item": false, "is_available_in_all_stores": true, "is_batch_item": true}
{"id": 72031, "name": "ELEPHANT PRETZELS", "underline": "70 GR. / TOMATOES", "age_limit": null, "hazard_precaution_statements": [], "labels": [{"id": 9001, "name": "Avisvare", "image": "https://static-assets.digital.rema1000.dk/product/labels/9001-64.webp"}], "description": "Pretzel med tomat og kommen.<br />", "info": "", "images": [{"small": "https://rema-product-images.digital.rema1000.dk/72031/1-small-01q2jV8q7n.webp", "medium": "https://rema-product-images.digital.rema1000.dk/72031/1-medium-01q2jV8q7n.webp", "large": "https://rema-product-images.digital.rema1000.dk/72031/1-large-01q2jV8q7n.webp"}], "prices": [{"price": 10, "price_over_max_quantity": null, "max_quantity": null, "is_advertised": true, "is_campaign": false, "starting_at": "2025-08-17T00:00:00+00:00", "ending_at": "2025-11-15T00:00:00+00:00", "deposit": null, "compare_unit": "kg", "compare_unit_price": 142.86, "consumption_unit": null, "consumption_quantity": null}], "temperature_zone": null, "is_self_scale_item": false, "is_weight_item": false, "is_available_in_all_stores": true, "is_batch_item": true}
{"id": 72064, "name": "XL MUSLI BAR", "underline": "50 GR. / REMA 1000", "age_limit": null, "hazard_precaution_statements": [], "labels": [{"id": 2, "name": "REMA1000", "image": "https://static-assets.digital.rema1000.dk/product/labels/2-64.webp"}], "description": null, "info": "", "images": [{"small": "https://rema-product-images.digital.rema1000.dk/72064/1-small-AKqe0AYop1.webp", "medium": "https://rema-product-images.digital.rema1000.dk/72064/1-medium-AKqe0AYop1.webp", "large": "https://rema-product-images.digital.rema1000.dk/72064/1-large-AKqe0AYop1.webp"}], "prices": [{"price": 5, "price_over_max_quantity": null, "max_quantity": null, "is_advertised": false, "is_campaign": false, "starting_at": "2023-10-09T00:00:00+00:00", "ending_at": "2099-12-31T00:00:00+00:00", "deposit": null, "compare_unit": "kg", "compare_unit_price": 100, "consumption_unit": null, "consumption_quantity": null}], "temperature_zone": null, "is_self_scale_item": false, "is_weight_item": false, "is_available_in_all_stores": true, "is_batch_item": false}
{"id": 72200, "name": "CHOCO BROOKIE", "underline": "132 GR. / MARABOU", "age_limit": null, "hazard_precaution_statements": [], "labels": [{"id": 9001, "name": "Avisvare", "image": "https://static-assets.digital.rema1000.dk/product/labels/9001-64.webp"}], "description": null, "info": "", "images": [{"small": "https://rema-product-images.digital.rema1000.dk/72200/1-small-xePwadOqw8.webp", "medium": "https://rema-product-images.digital.rema1000.dk/72200/1-medium-xePwadOqw8.webp", "large": "https://rema-product-images.digital.rema1000.dk/72200/1-large-xePwadOqw8.webp"}], "prices": [{"price": 20, "price_over_max_quantity": null, "max_quantity": null, "is_advertised": true, "is_campaign": false, "starting_at": "2025-08-17T00:00:00+00:00", "ending_at": "2025-11-15T00:00:00+00:00", "deposit": null, "compare_unit": "kg", "compare_unit_price": 151.52, "consumption_unit": null, "consumption_quantity": null}], "temperature_zone": null, "is_self_scale_item": false, "is_weight_item": false, "is_available_in_all_stores": true, "is_batch_item": true}
{"id": 72201, "name": "CHOCO BROWNIE", "underline": "150 GR. / MARABOU", "age_limit": null, "hazard_precaution_statements": [], "labels": [{"id": 9001, "name": "Avisvare", "image": "https://static-assets.digital.rema1000.dk/product/labels/9001-64.webp"}], "description": null, "info": "", "images": [{"small": "https://rema-product-images.digital.rema1000.dk/72201/1-small-ElPBXdWqkG.webp", "medium": "https://rema-product-images.digital.rema1000.dk/72201/1-medium-ElPBXdWqkG.webp", "large": "https://rema-product-images.digital.rema1000.dk/72201/1-large-ElPBXdWqkG.webp"}], "prices": [{"price": 20, "price_over_max_quantity": null, "max_quantity": null, "is_advertised": true, "is_campaign": false, "starting_at": "2025-08-17T00:00:00+00:00", "ending_at": "2025-11-15T00:00:00+00:00", "deposit": null, "compare_unit": "kg", "compare_unit_price": 133.33, "consumption_unit": null, "consumption_quantity": null}], "temperature_zone": null, "is_self_scale_item": false, "is_weight_item": false, "is_available_in_all_stores": true, "is_batch_item": true}
{"id": 72203, "name": "SØDT & SALT", "underline": "280 GR. / TROPE", "age_limit": null, "hazard_precaution_statements": [], "labels": [{"id": 9001, "name": "Avisvare", "image": "https://static-assets.digital.rema1000.dk/product/labels/9001-64.webp"}], "description": "Jordnødder sødt og salt.<br />", "info": "", "images": [{"small": "https://rema-product-images.digital.rema1000.dk/72203/1-small-3MoMZb1q5E.webp", "medium": "https://rema-product-images.digital.rema1000.dk/72203/1-medium-3MoMZb1q5E.webp", "large": "https://rema-product-images.digital.rema1000.dk/72203/1-large-3MoMZb1q5E.webp"}], "prices": [{"price": 20, "price_over_max_quantity": null, "max_quantity": null, "is_advertised": true, "is_campaign": false, "starting_at": "2025-08-17T00:00:00+00:00", "ending_at": "2025-11-15T00:00:00+00:00", "deposit": null, "compare_unit": "kg", "compare_unit_price": 71.43, "consumption_unit": null, "consumption_quantity": null}], "temperature_zone": null, "is_self_scale_item": false, "is_weight_item": false, "is_available_in_all_stores": true, "is_batch_item": true}
{"id": 72243, "name": "CROUTONER", "underline": "75 GR. / MED SALT", "age_limit": null, "hazard_precaution_statements": [], "labels": [], "description": null, "info": "", "images": [{"small": "https://rema-product-images.digital.rema1000.dk/72243/1-small-dyom4WBPVm.webp", "medium": "https://rema-product-images.digital.rema1000.dk/72243/1-medium-dyom4WBPVm.webp", "large": "https://rema-product-images.digital.rema1000.dk/72243/1-large-dyom4WBPVm.webp"}], "prices": [{"price": 9.95, "price_over_max_quantity": null, "max_quantity": null, "is_advertised": false, "is_campaign": false, "starting_at": "2025-01-07T00:00:00+00:00", "ending_at": "2099-12-31T00:00:00+00:00", "deposit": null, "compare_unit": "kg", "compare_unit_price": 132.67, "consumption_unit": null, "consumption_quantity": null}], "temperature_zone": null, "is_self_scale_item": false, "is_weight_item": false, "is_available_in_all_stores": true, "is_batch_item": false}
{"id": 72266, "name": "ØKOLOGISKE FULDKORNSSTAVE", "underline": "35 GR. / REMA 1000", "age_limit": null, "hazard_precaution_statements": [], "labels": [{"id": 2, "name": "REMA1000", "image": "https://static-assets.digital.rema1000.dk/product/labels/2-64.webp"}, {"id": 5, "name": "Økologi", "image": "https://static-assets.digital.rema1000.dk/product/labels/5-64.webp"}, {"id": 40, "name": "Nøglehul", "image": "https://static-assets.digital.rema1000.dk/product/labels/40-64.webp"}, {"id": 43, "name": "Fuldkorn", "image": "https://static-assets.digital.rema1000.dk/product/labels/43-64.webp"}], "description": null, "info": "", "images": [{"small": "https://rema-product-images.digital.rema1000.dk/72266/1-small-pyoz2KMoXn.webp", "medium": "https://rema-product-images.digital.rema1000.dk/72266/1-medium-pyoz2KMoXn.webp", "large": "https://rema-product-images.digital.rema1000.dk/72266/1-large-pyoz2KMoXn.webp"}], "prices": [{"price": 5.95, "price_over_max_quantity": null, "max_quantity": null, "is_advertised": false, "is_campaign": false, "starting_at": "2025-01-20T00:00:00+00:00", "ending_at": "2099-12-31T00:00:00+00:00", "deposit": null, "compare_unit": "kg", "compare_unit_price": 170, "consumption_unit": null, "consumption_quantity": null}], "temperature_zone": null, "is_self_scale_item": false, "is_weight_item": false, "is_available_in_all_stores": true, "is_batch_item": false}
{"id": 72275, "name": "KAMMERJUNKERE", "underline": "250 GR. / GLUTENFRI OG LAKTOSEFRI", "age_limit": null, "hazard_precaution_statements": [], "labels": [{"id": 37, "name": "Laktose fri", "image": "https://static-assets.digital.rema1000.dk/product/labels/37-64.webp"}, {"id": 38, "name": "Gluten fri", "image": "https://static-assets.digital.rema1000.dk/product/labels/38-64.webp"}], "description": null, "info": "", "images": [{"small": "https://rema-product-images.digital.rema1000.dk/72275/1-small-01q2jaYq7n.webp", "medium": "https://rema-product-images.digital.rema1000.dk/72275/1-medium-01q2jaYq7n.webp", "large": "https://rema-product-images.digital.rema1000.dk/72275/1-large-01q2jaYq7n.webp"}], "prices": [{"price": 20, "price_over_max_quantity": null, "max_quantity": null, "is_advertised": false, "is_campaign": false, "starting_at": "2025-01-27T00:00:00+00:00", "ending_at": "2099-12-31T00:00:00+00:00", "deposit": null, "compare_unit": "kg", "compare_unit_price": 80, "consumption_unit": null, "consumption_quantity": null}], "temperature_zone": null, "is_self_scale_item": false, "is_weight_item": false, "is_available_in_all_stores": true, "is_batch_item": false}
{"id": 72302, "name": "RISKIKS", "underline": "70 GR. / MED MØRK CHOKOLADE", "age_limit": null, "hazard_precaution_statements": [], "labels": [], "description": null, "info": "", "images": [{"small": "https://rema-product-images.digital.rema1000.dk/72302/1-small-kAon6Oyox8.webp", "medium": "https://rema-product-images.digital.rema1000.dk/72302/1-medium-kAon6Oyox8.webp", "large": "https://rema-product-images.digital.rema1000.dk/72302/1-large-kAon6Oyox8.webp"}], "prices": [{"price": 14.5, "price_over_max_quantity": null, "max_quantity": null, "is_advertised": false, "is_campaign": false, "starting_at": "2025-05-08T00:00:00+00:00", "ending_at": "2099-12-31T00:00:00+00:00", "deposit": null, "compare_unit": "kg", "compare_unit_price": 207.14, "consumption_unit": null, "consumption_quantity": null}], "temperature_zone": null, "is_self_scale_item": false, "is_weight_item": false, "is_available_in_all_stores": true, "is_batch_item": false}
{"id": 72327, "name": "TRØFFELKUGLER", "underline": "210 GR. / SALT KARAMEL", "age_limit": null, "hazard_precaution_statements": [], "labels": [], "description": null, "info": "", "images": [{"small": "https://rema-product-images.digital.rema1000.dk/72327/1-small-OW9O14YogE.webp", "medium": "https://rema-product-images.digital.rema1000.dk/72327/1-medium-OW9O14YogE.webp", "large": "https://rema-product-images.digital.rema1000.dk/72327/1-large-OW9O14YogE.webp"}], "prices": [{"price": 29.95, "price_over_max_quantity": null, "max_quantity": null, "is_advertised": false, "is_campaign": false, "starting_at": "2025-02-17T00:00:00+00:00", "ending_at": "2099-12-31T00:00:00+00:00", "deposit": null, "compare_unit": "kg", "compare_unit_price": 142.62, "consumption_unit": null, "consumption_quantity": null}], "temperature_zone": null, "is_self_scale_item": false, "is_weight_item": false, "is_available_in_all_stores": true, "is_batch_item": false}
{"id": 72361, "name": "NORDIC SOURDOUGH", "underline": "130 GR. / CRISP", "age_limit": null, "hazard_precaution_statements": [], "labels": [{"id": 9001, "name": "Avisvare", "image": "https://static-assets.digital.rema1000.dk/product/labels/9001-64.webp"}], "description": null, "info": "", "images": [{"small": "https://rema-product-images.digital.rema1000.dk/72361/1-small-Z8qpYgm93N.webp", "medium": "https://rema-product-images.digital.rema1000.dk/72361/1-medium-Z8qpYgm93N.webp", "large": "https://rema-product-images.digital.rema1000.dk/72361/1-large-Z8qpYgm93N.webp"}], "prices": [{"price": 20, "price_over_max_quantity": null, "max_quantity": null, "is_advertised": true, "is_campaign": false, "starting_at": "2025-08-17T00:00:00+00:00", "ending_at": "2025-11-15T00:00:00+00:00", "deposit": null, "compare_unit": "kg", "compare_unit_price": 153.85, "consumption_unit": null, "consumption_quantity": null}], "temperature_zone": null, "is_self_scale_item": false, "is_weight_item": false, "is_available_in_all_stores": true, "is_batch_item": true}
{"id": 72383, "name": "GRISSINI HVIDLØG", "underline": "80 GR. / NATURENS LÆKKERIER", "age_limit": null, "hazard_precaution_statements": [], "labels": [], "description": null, "info": "", "images": [{"small": "https://rema-product-images.digital.rema1000.dk/72383/1-small-zOPlpbmPRW.webp", "medium": "https://rema-product-images.digital.rema1000.dk/72383/1-medium-zOPlpbmPRW.webp", "large": "https://rema-product-images.digital.rema1000.dk/72383/1-large-zOPlpbmPRW.webp"}], "prices": [{"price": 12, "price_over_max_quantity": null, "max_quantity": null, "is_advertised": false, "is_campaign": false, "starting_at": "2025-06-04T00:00:00+00:00", "ending_at": "2099-12-31T00:00:00+00:00", "deposit": null, "compare_unit": "kg", "compare_unit_price": 150, "consumption_unit": null, "consumption_quantity": null}], "temperature_zone": null, "is_self_scale_item": false, "is_weight_item": false, "is_available_in_all_stores": true, "is_batch_item": false}
{"id": 72410, "name": "ROMKUGLER", "underline": "225 GR. / REMA 1000", "age_limit": null, "hazard_precaution_statements": [], "labels": [{"id": 2, "name": "REMA1000", "image": "https://static-assets.digital.rema1000.dk/product/labels/2-64.webp"}, {"id": 95, "name": "Rainforest Alliance", "image": "https://static-assets.digital.rema1000.dk/product/labels/95-64.webp"}], "description": "9 stk", "info": "", "images": [{"small": "https://rema-product-images.digital.rema1000.dk/72410/1-small-Al902xRo8w.webp", "medium": "https://rema-product-images.digital.rema1000.dk/72410/1-medium-Al902xRo8w.webp", "large": "https://rema-product-images.digital.rema1000.dk/72410/1-large-Al902xRo8w.webp"}], "prices": [{"price": 14.95, "price_over_max_quantity": null, "max_quantity": null, "is_advertised": false, "is_campaign": false, "starting_at": "2024-10-03T00:00:00+00:00", "ending_at": "2025-09-06T00:00:00+00:00", "deposit": null, "compare_unit": "kg", "compare_unit_price": 66.44, "consumption_unit": null, "consumption_quantity": null}], "temperature_zone": null, "is_self_scale_item": false, "is_weight_item": false, "is_available_in_all_stores": true, "is_batch_item": false}
{"id": 72610, "name": "TVEBAKKER", "underline": "300 GR. / REMA 1000", "age_limit": null, "hazard_precaution_statements": [], "labels": [{"id": 2, "name": "REMA1000", "image": "https://static-assets.digital.rema1000.dk/product/labels/2-64.webp"}], "description": null, "info": "", "images": [{"small": "https://rema-product-images.digital.rema1000.dk/72610/1-small-Al9027Eo8w.webp", "medium": "https://rema-product-images.digital.rema1000.dk/72610/1-medium-Al9027Eo8w.webp", "large": "https://rema-product-images.digital.rema1000.dk/72610/1-large-Al9027Eo8w.webp"}], "prices": [{"price": 14.95, "price_over_max_quantity": null, "max_quantity": null, "is_advertised": false, "is_campaign": false, "starting_at": "2025-02-06T00:00:00+00:00", "ending_at": "2099-12-31T00:00:00+00:00", "deposit": null, "compare_unit": "kg", "compare_unit_price": 49.83, "consumption_unit": null, "consumption_quantity": null}], "temperature_zone": null, "is_self_scale_item": false, "is_weight_item": false, "is_available_in_all_stores": true, "is_batch_item": false}
{"id": 72683, "name": "SALTEDE KIKS", "underline": "300 GR. / REMA 1000, 3 PAK", "age_limit": null, "hazard_precaution_statements": [], "labels": [{"id": 2, "name": "REMA1000", "image": "https://static-assets.digital.rema1000.dk/product/labels/2-64.webp"}], "description": null, "info": "", "images": [{"small": "https://rema-product-images.digital.rema1000.dk/72683/1-small-zOPlpgwPRW.webp", "medium": "https://rema-product-images.digital.rema1000.dk/72683/1-medium-zOPlpgwPRW.webp", "large": "https://rema-product-images.digital.rema1000.dk/72683/1-large-zOPlpgwPRW.webp"}], "prices": [{"price": 11.95, "price_over_max_quantity": null, "max_quantity": null, "is_advertised": false, "is_campaign": false, "starting_at": "2022-07-14T00:00:00+00:00", "ending_at": "2099-12-31T00:00:00+00:00", "deposit": null, "compare_unit": "kg", "compare_unit_price": 39.83, "consumption_unit": null, "consumption_quantity": null}], "temperature_zone": null, "is_self_scale_item": false, "is_weight_item": false, "is_available_in_all_stores": true, "is_batch_item": false}
{"id": 72725, "name": "COCKTAIL CRACKERS", "underline": "250 GR. / PICK", "age_limit": null, "hazard_precaution_statements": [], "labels": [], "description": null, "info": "", "images": [{"small": "https://rema-product-images.digital.rema1000.dk/72725/1-small-Ea91W2WozY.webp", "medium": "https://rema-product-images.digital.rema1000.dk/72725/1-medium-Ea91W2WozY.webp", "large": "https://rema-product-images.digital.rema1000.dk/72725/1-large-Ea91W2WozY.webp"}], "prices": [{"price": 12.95, "price_over_max_quantity": null, "max_quantity": null, "is_advertised": false, "is_campaign": false, "starting_at": "2023-02-02T00:00:00+00:00", "ending_at": "2099-12-31T00:00:00+00:00", "deposit": null, "compare_unit": "kg", "compare_unit_price": 51.8, "consumption_unit": null, "consumption_quantity": null}], "temperature_zone": null, "is_self_scale_item": false, "is_weight_item": false, "is_available_in_all_stores": true, "is_batch_item": false}
{"id": 72818, "name": "MAKRONER", "underline": "250 GR. / REMA 1000", "age_limit": null, "hazard_precaution_statements": [], "labels": [{"id": 2, "name": "REMA1000", "image": "https://static-assets.digital.rema1000.dk/product/labels/2-64.webp"}], "description": null, "info": "", "images": [{"small": "https://rema-product-images.digital.rema1000.dk/72818/1-small-2B94kGlqkM.webp", "medium": "https://rema-product-images.digital.rema1000.dk/72818/1-medium-2B94kGlqkM.webp", "large": "https://rema-product-images.digital.rema1000.dk/72818/1-large-2B94kGlqkM.webp"}], "prices": [{"price": 9, "price_over_max_quantity": null, "max_quantity": null, "is_advertised": false, "is_campaign": false, "starting_at": "2024-01-02T00:00:00+00:00", "ending_at": "2099-12-31T00:00:00+00:00", "deposit": null, "compare_unit": "kg", "compare_unit_price": 36, "consumption_unit": null, "consumption_quantity": null}], "temperature_zone": null, "is_self_scale_item": false, "is_weight_item": false, "is_available_in_all_stores": true, "is_batch_item": false}
{"id": 72826, "name": "CITRONMÅNE", "underline": "350 GR. / DAN CAKE", "age_limit": null, "hazard_precaution_statements": [], "labels": [], "description": null, "info": "", "images": [{"small": "https://rema-product-images.digital.rema1000.dk/72826/1-small-kOq3Gznq63.webp", "medium": "https://rema-product-images.digital.rema1000.dk/72826/1-medium-kOq3Gznq63.webp", "large": "https://rema-product-images.digital.rema1000.dk/72826/1-large-kOq3Gznq63.webp"}], "prices": [{"price": 20.5, "price_over_max_quantity": null, "max_quantity": null, "is_advertised": false, "is_campaign": false, "starting_at": "2024-10-03T00:00:00+00:00", "ending_at": "2099-12-31T00:00:00+00:00", "deposit": null, "compare_unit": "kg", "compare_unit_price": 58.57, "consumption_unit": null, "consumption_quantity": null}], "temperature_zone": null, "is_self_scale_item": false, "is_weight_item": false, "is_available_in_all_stores": true, "is_batch_item": false}
{"id": 72913, "name": "RUTEBILER", "underline": "225 GR.", "age_limit": null, "hazard_precaution_statements": [], "labels": [], "description": null, "info": "", "images": [{"small": "https://rema-product-images.digital.rema1000.dk/72913/1-small-wyPbg1LoEm.webp", "medium": "https://rema-product-images.digital.rema1000.dk/72913/1-medium-wyPbg1LoEm.webp", "large": "https://rema-product-images.digital.rema1000.dk/72913/1-large-wyPbg1LoEm.webp"}], "prices": [{"price": 17.5, "price_over_max_quantity": null, "max_quantity": null, "is_advertised": false, "is_campaign": false, "starting_at": "2024-07-04T00:00:00+00:00", "ending_at": "2099-12-31T00:00:00+00:00", "deposit": null, "compare_unit": "kg", "compare_unit_price": 77.78, "consumption_unit": null, "consumption_quantity": null}], "temperature_zone": null, "is_self_scale_item": false, "is_weight_item": false, "is_available_in_all_stores": true, "is_batch_item": false}
{"id": 72919, "name": "HAVREKAGER", "underline": "150 GR. / GRAM SLOT", "age_limit": null, "hazard_precaution_statements": [], "labels": [{"id": 5, "name": "Økologi", "image": "https://static-assets.digital.rema1000.dk/product/labels/5-64.webp"}, {"id": 6, "name": "Økologi", "image": "https://static-assets.digital.rema1000.dk/product/labels/6-64.webp"}, {"id": 39, "name": "Gram slot", "image": "https://static-assets.digital.rema1000.dk/product/labels/39-64.webp"}], "description": "<br /> REMA 1000 er medejer af et af Danmarks største økologiske landbrug, Gram Slot, som dagligt leverer bl.a. økologisk mælk, kartofler, mel og havregryn til REMA 1000s butikker. På Gram Slot er dyrevelfærd i højsædet, ligesom Jorden ved Gram Slot dyrkes med stor respekt og omtanke.<br /> <br /> Disse økologiske havrekager er bagt med havregryn og hvedemel, som er dyrket økologisk af Gram Slot. De øvrige tilsatte ingredienser er ikke dyrket af Gram Slot.<br /> <br />", "info": "", "images": [{"small": "https://rema-product-images.digital.rema1000.dk/72919/1-small-rDq6wL69bW.webp", "medium": "https://rema-product-images.digital.rema1000.dk/72919/1-medium-rDq6wL69bW.webp", "large": "https://rema-product-images.digital.rema1000.dk/72919/1-large-rDq6wL69bW.webp"}], "prices": [{"price": 20.95, "price_over_max_quantity": null, "max_quantity": null, "is_advertised": false, "is_campaign": false, "starting_at": "2022-06-30T00:00:00+00:00", "ending_at": "2025-08-31T00:00:00+00:00", "deposit": null, "compare_unit": "kg", "compare_unit_price": 139.67, "consumption_unit": null, "consumption_quantity": null}], "temperature_zone": null, "is_self_scale_item": false, "is_weight_item": false, "is_available_in_all_stores": true, "is_batch_item": false}
{"id": 73005, "name": "TARTELETTER", "underline": "120 GR. / REMA 1000", "age_limit": null, "hazard_precaution_statements": [], "labels": [{"id": 2, "name": "REMA1000", "image": "https://static-assets.digital.rema1000.dk/product/labels/2-64.webp"}], "description": null, "info": "", "images": [{"small": "https://rema-product-images.digital.rema1000.dk/73005/1-small-xQq8nxOPZd.webp", "medium": "https://rema-product-images.digital.rema1000.dk/73005/1-medium-xQq8nxOPZd.webp", "large": "https://rema-product-images.digital.rema1000.dk/73005/1-large-xQq8nxOPZd.webp"}], "prices": [{"price": 9.75, "price_over_max_quantity": null, "max_quantity": null, "is_advertised": false, "is_campaign": false, "starting_at": "2024-11-28T00:00:00+00:00", "ending_at": "2025-09-13T00:00:00+00:00", "deposit": null, "compare_unit": "kg", "compare_unit_price": 81.25, "consumption_unit": null, "consumption_quantity": null}], "temperature_zone": null, "is_self_scale_item": false, "is_weight_item": false, "is_available_in_all_stores": true, "is_batch_item": false}
{"id": 73008, "name": "OXFORD ISVAFLER", "underline": "125 GR. / BAGT MED SMØR", "age_limit": null, "hazard_precaution_statements": [], "labels": [], "description": null, "info": "", "images": [{"small": "https://rema-product-images.digital.rema1000.dk/73008/1-small-NpP7Ba29Ol.webp", "medium": "https://rema-product-images.digital.rema1000.dk/73008/1-medium-NpP7Ba29Ol.webp", "large": "https://rema-product-images.digital.rema1000.dk/73008/1-large-NpP7Ba29Ol.webp"}], "prices": [{"price": 15.95, "price_over_max_quantity": null, "max_quantity": null, "is_advertised": false, "is_campaign": false, "starting_at": "2022-11-16T00:00:00+00:00", "ending_at": "2099-12-31T00:00:00+00:00", "deposit": null, "compare_unit": "kg", "compare_unit_price": 127.6, "consumption_unit": null, "consumption_quantity": null}], "temperature_zone": null, "is_self_scale_item": false, "is_weight_item": false, "is_available_in_all_stores": true, "is_batch_item": false}
{"id": 73011, "name": "HUMLUM", "underline": "225 GR. / TARTELETTER", "age_limit": null, "hazard_precaution_statements": [], "labels": [], "description": null, "info": "", "images": [{"small": "https://rema-product-images.digital.rema1000.dk/73011/1-small-A5qVWkL9aQ.webp", "medium": "https://rema-product-images.digital.rema1000.dk/73011/1-medium-A5qVWkL9aQ.webp", "large": "https://rema-product-images.digital.rema1000.dk/73011/1-large-A5qVWkL9aQ.webp"}], "prices": [{"price": 14.75, "price_over_max_quantity": null, "max_quantity": null, "is_advertised": false, "is_campaign": false, "starting_at": "2023-10-06T00:00:00+00:00", "ending_at": "2099-12-31T00:00:00+00:00", "deposit": null, "compare_unit": "kg", "compare_unit_price": 65.56, "consumption_unit": null, "consumption_quantity": null}], "temperature_zone": null, "is_self_scale_item": false, "is_weight_item": false, "is_available_in_all_stores": true, "is_batch_item": false}
{"id": 73099, "name": "CORNY BIG", "underline": "50 GR. / CHOCOLATE", "age_limit": null, "hazard_precaution_statements": [], "labels": [{"id": 90, "name": "Rainforest Alliance certificeret", "image": "https://static-assets.digital.rema1000.dk/product/labels/90-64.webp"}], "description": null, "info": "", "images": [{"small": "https://rema-product-images.digital.rema1000.dk/73099/1-small-A5qVWJL9aQ.webp", "medium": "https://rema-product-images.digital.rema1000.dk/73099/1-medium-A5qVWJL9aQ.webp", "large": "https://rema-product-images.digital.rema1000.dk/73099/1-large-A5qVWJL9aQ.webp"}], "prices": [{"price": 10.5, "price_over_max_quantity": null, "max_quantity": null, "is_advertised": false, "is_campaign": false, "starting_at": "2025-02-06T00:00:00+00:00", "ending_at": "2025-08-23T00:00:00+00:00", "deposit": null, "compare_unit": "kg", "compare_unit_price": 210, "consumption_unit": null, "consumption_quantity": null}], "temperature_zone": null, "is_self_scale_item": false, "is_weight_item": false, "is_available_in_all_stores": true, "is_batch_item": false}
{"id": 740039, "name": "OPTÆNDINGSBLOKKE", "underline": "72 STK. / ZAPP", "age_limit": null, "hazard_precaution_statements": ["Brandfarligt fast stof.", "Opbevares utilgængeligt for børn.", "Holdes væk fra varme, varme overflader, gnister, åben ild og andre antændelseskilder. Rygning forbudt.", "Ved brand: Anvend pulver, skum, kulsyre eller vandtåge til brandslukning."], "labels": [], "description": null, "info": "", "images": [{"small": "https://rema-product-images.digital.rema1000.dk/740039/1-small-zOPlLkxmPR.webp", "medium": "https://rema-product-images.digital.rema1000.dk/740039/1-medium-zOPlLkxmPR.webp", "large": "https://rema-product-images.digital.rema1000.dk/740039/1-large-zOPlLkxmPR.webp"}], "prices": [{"price": 14.95, "price_over_max_quantity": null, "max_quantity": null, "is_advertised": false, "is_campaign": false, "starting_at": "2023-09-28T00:00:00+00:00", "ending_at": "2099-12-31T00:00:00+00:00", "deposit": null, "compare_unit": "stk", "compare_unit_price": 0.21, "consumption_unit": null, "consumption_quantity": null}], "temperature_zone": null, "is_self_scale_item": false, "is_weight_item": false, "is_available_in_all_stores": true, "is_batch_item": false}
{"id": 740040, "name": "ENGANGSGRILL", "underline": "1 STK. / ZAPP", "age_limit": null, "hazard_precaution_statements": ["Kan være livsfarligt, hvis det indtages og kommer i luftvejene."], "labels": [], "description": "Engangsgrillen fra Zapp er den komplette grill i en pakke. Denne praktiske lille engangsgrill er perfekt egnet til stranden, picnic, campingture osv. Klar til brug på 20 minutter.", "info": "", "images": [{"small": "https://rema-product-images.digital.rema1000.dk/740040/1-small-rQqQK4RwPe.webp", "medium": "https://rema-product-images.digital.rema1000.dk/740040/1-medium-rQqQK4RwPe.webp", "large": "https://rema-product-images.digital.rema1000.dk/740040/1-large-rQqQK4RwPe.webp"}], "prices": [{"price": 25, "price_over_max_quantity": null, "max_quantity": null, "is_advertised": false, "is_campaign": false, "starting_at": "2023-06-01T00:00:00+00:00", "ending_at": "2099-12-31T00:00:00+00:00", "deposit": null, "compare_unit": "stk", "compare_unit_price": 25, "consumption_unit": null, "consumption_quantity": null}], "temperature_zone": null, "is_self_scale_item": false, "is_weight_item": false, "is_available_in_all_stores": false, "is_batch_item": false}
{"id": 740260, "name": "FYRFADSLIGHTER", "underline": "1.4 GR. / TOKAI FIREBOY", "age_limit": null, "hazard_precaution_statements": ["Yderst brandfarlig gas."], "labels": [], "description": "Dette er den originale FireBoy fra Tokai i den sædvanlige topkvalitet - en god og stabil fyrfadslighter, i den helt rigtige ergonomiske størrelse.<br />Kommer i assorteret farver.<br />", "info": "", "images": [{"small": "https://rema-product-images.digital.rema1000.dk/740260/1-small-6xqAjn789D.webp", "medium": "https://rema-product-images.digital.rema1000.dk/740260/1-medium-6xqAjn789D.webp", "large": "https://rema-product-images.digital.rema1000.dk/740260/1-large-6xqAjn789D.webp"}], "prices": [{"price": 12.95, "price_over_max_quantity": null, "max_quantity": null, "is_advertised": false, "is_campaign": false, "starting_at": "2022-04-28T00:00:00+00:00", "ending_at": "2099-12-31T00:00:00+00:00", "deposit": null, "compare_unit": "kg", "compare_unit_price": 9250, "consumption_unit": null, "consumption_quantity": null}], "temperature_zone": null, "is_self_scale_item": false, "is_weight_item": false, "is_available_in_all_stores": true, "is_batch_item": false}
{"id": 740363, "name": "ANTI-SLIP UNDERLAG", "underline": "1 STK.", "age_limit": null, "hazard_precaution_statements": [], "labels": [], "description": null, "info": "", "images": [{"small": "https://rema-product-images.digital.rema1000.dk/740363/1-small-rDq6RYg4qb.webp", "medium": "https://rema-product-images.digital.rema1000.dk/740363/1-medium-rDq6RYg4qb.webp", "large": "https://rema-product-images.digital.rema1000.dk/740363/1-large-rDq6RYg4qb.webp"}], "prices": [{"price": 24.95, "price_over_max_quantity": null, "max_quantity": null, "is_advertised": false, "is_campaign": false, "starting_at": "2022-04-21T00:00:00+00:00", "ending_at": "2099-12-31T00:00:00+00:00", "deposit": null, "compare_unit": "stk", "compare_unit_price": 24.95, "consumption_unit": null, "consumption_quantity": null}], "temperature_zone": null, "is_self_scale_item": false, "is_weight_item": false, "is_available_in_all_stores": true, "is_batch_item": false}
{"id": 740366, "name": "BOLDPUMPE", "underline": "1 STK. / VINI MED 4 SPIDSER", "age_limit": null, "hazard_precaution_statements": [], "labels": [], "description": null, "info": "", "images": [{"small": "https://rema-product-images.digital.rema1000.dk/740366/1-small-pyozNkMAoX.webp", "medium": "https://rema-product-images.digital.rema1000.dk/740366/1-medium-pyozNkMAoX.webp", "large": "https://rema-product-images.digital.rema1000.dk/740366/1-large-pyozNkMAoX.webp"}], "prices": [{"price": 30, "price_over_max_quantity": null, "max_quantity": null, "is_advertised": false, "is_campaign": false, "starting_at": "2021-10-11T00:00:00+00:00", "ending_at": "2099-12-31T00:00:00+00:00", "deposit": null, "compare_unit": "stk", "compare_unit_price": 30, "consumption_unit": null, "consumption_quantity": null}], "temperature_zone": null, "is_self_scale_item": false, "is_weight_item": false, "is_available_in_all_stores": false, "is_batch_item": false}
{"id": 741176, "name": "GRILLBRIKETTER", "underline": "9 KG. / QUICKGLOW", "age_limit": null, "hazard_precaution_statements": [], "labels": [], "description": "Grillbriketter fra Quickglow er bio-baserede grillbriketter lavet af kokosnøddeskaller, og derfor et restprodukt af kokosnødder. Den nye forbedrede kvalitet giver en lang brændetid på 180° i over 4 timer.", "info": "", "images": [{"small": "https://rema-product-images.digital.rema1000.dk/741176/1-small-nDPWGdgkPW.webp", "medium": "https://rema-product-images.digital.rema1000.dk/741176/1-medium-nDPWGdgkPW.webp", "large": "https://rema-product-images.digital.rema1000.dk/741176/1-large-nDPWGdgkPW.webp"}], "prices": [{"price": 135, "price_over_max_quantity": null, "max_quantity": null, "is_advertised": false, "is_campaign": false, "starting_at": "2025-07-06T00:00:00+00:00", "ending_at": "2099-12-31T00:00:00+00:00", "deposit": null, "compare_unit": "kg", "compare_unit_price": 15, "consumption_unit": null, "consumption_quantity": null}], "temperature_zone": null, "is_self_scale_item": false, "is_weight_item": false, "is_available_in_all_stores": false, "is_batch_item": false}
{"id": 741232, "name": "ZAPP TÆNDSTIKKER", "underline": "360 STK.", "age_limit": null, "hazard_precaution_statements": [], "labels": [], "description": null, "info": "", "images": [{"small": "https://rema-product-images.digital.rema1000.dk/741232/1-small-nDPWGdMGPW.webp", "medium": "https://rema-product-images.digital.rema1000.dk/741232/1-medium-nDPWGdMGPW.webp", "large": "https://rema-product-images.digital.rema1000.dk/741232/1-large-nDPWGdMGPW.webp"}], "prices": [{"price": 5.5, "price_over_max_quantity": null, "max_quantity": null, "is_advertised": false, "is_campaign": false, "starting_at": "2024-10-17T00:00:00+00:00", "ending_at": "2099-12-31T00:00:00+00:00", "deposit": null, "compare_unit": "stk", "compare_unit_price": 0.02, "consumption_unit": null, "consumption_quantity": null}], "temperature_zone": null, "is_self_scale_item": false, "is_weight_item": false, "is_available_in_all_stores": true, "is_batch_item": false}
{"id": 741238, "name": "OPTÆNDINGSPOSER", "underline": "72 STK. / ZAPP", "age_limit": null, "hazard_precaution_statements": [], "labels": [], "description": null, "info": "", "images": [{"small": "https://rema-product-images.digital.rema1000.dk/741238/1-small-MBoNVRWgov.webp", "medium": "https://rema-product-images.digital.rema1000.dk/741238/1-medium-MBoNVRWgov.webp", "large": "https://rema-product-images.digital.rema1000.dk/741238/1-large-MBoNVRWgov.webp"}], "prices": [{"price": 29.95, "price_over_max_quantity": null, "max_quantity": null, "is_advertised": false, "is_campaign": false, "starting_at": "2024-01-11T00:00:00+00:00", "ending_at": "2099-12-31T00:00:00+00:00", "deposit": null, "compare_unit": "stk", "compare_unit_price": 0.42, "consumption_unit": null, "consumption_quantity": null}], "temperature_zone": null, "is_self_scale_item": false, "is_weight_item": false, "is_available_in_all_stores": true, "is_batch_item": false}
{"id": 741277, "name": "TÆNDBLOKKE", "underline": "72 STK. / QUICKSTART LUGTFRI", "age_limit": null, "hazard_precaution_statements": [], "labels": [], "description": "Tændblokkene fra Quickstart er effektive tændblokke velegnet til optænding af grill, brændeovn, pejs og bål og er naturligvis lugtfri. Quickstart optændingsblokkene er danskproducerede, fremstillet af træfibre tilsat ren bioolie og certificeret i henhold til Tüv og den europæiske standard EN 1860-3.<br /><br /><b>Anvendelse</b><br />Optændingsblokkene placeres mellem kul, briketter eller brænde og antændes.<br /><br />Advarsel: Brug ikke benzin eller anden tændvæske til at tænde eller genantænde med. Optændingsblokke/poser skal være brændt helt ud, før fødevarer placeres på grillen.", "info": "", "images": [{"small": "https://rema-product-images.digital.rema1000.dk/741277/1-small-YLPjNkJYPk.webp", "medium": "https://rema-product-images.digital.rema1000.dk/741277/1-medium-YLPjNkJYPk.webp", "large": "https://rema-product-images.digital.rema1000.dk/741277/1-large-YLPjNkJYPk.webp"}], "prices": [{"price": 17.95, "price_over_max_quantity": null, "max_quantity": null, "is_advertised": false, "is_campaign": false, "starting_at": "2023-02-02T00:00:00+00:00", "ending_at": "2099-12-31T00:00:00+00:00", "deposit": null, "compare_unit": "stk", "compare_unit_price": 0.25, "consumption_unit": null, "consumption_quantity": null}], "temperature_zone": null, "is_self_scale_item": false, "is_weight_item": false, "is_available_in_all_stores": true, "is_batch_item": false}
{"id": 741532, "name": "BORDTENNISBOLDE", "underline": "3 STK. / HVIDE", "age_limit": null, "hazard_precaution_statements": [], "labels": [], "description": null, "info": "", "images": [{"small": "https://rema-product-images.digital.rema1000.dk/741532/1-small-nDPWGQJpPW.webp", "medium": "https://rema-product-images.digital.rema1000.dk/741532/1-medium-nDPWGQJpPW.webp", "large": "https://rema-product-images.digital.rema1000.dk/741532/1-large-nDPWGQJpPW.webp"}], "prices": [{"price": 10, "price_over_max_quantity": null, "max_quantity": null, "is_advertised": false, "is_campaign": false, "starting_at": "2019-12-19T00:00:00+00:00", "ending_at": "2099-12-31T00:00:00+00:00", "deposit": null, "compare_unit": "stk", "compare_unit_price": 3.33, "consumption_unit": null, "consumption_quantity": null}], "temperature_zone": null, "is_self_scale_item": false, "is_weight_item": false, "is_available_in_all_stores": false, "is_batch_item": false}
{"id": 742058, "name": "GRILLSPYD 25 CM", "underline": "100 STK. / BAMBUS", "age_limit": null, "hazard_precaution_statements": [], "labels": [], "description": null, "info": "", "images": [{"small": "https://rema-product-images.digital.rema1000.dk/742058/1-small-3MovaxvmPA.webp", "medium": "https://rema-product-images.digital.rema1000.dk/742058/1-medium-3MovaxvmPA.webp", "large": "https://rema-product-images.digital.rema1000.dk/742058/1-large-3MovaxvmPA.webp"}], "prices": [{"price": 10, "price_over_max_quantity": null, "max_quantity": null, "is_advertised": false, "is_campaign": false, "starting_at": "2019-06-14T00:00:00+00:00", "ending_at": "2099-12-31T00:00:00+00:00", "deposit": null, "compare_unit": "stk", "compare_unit_price": 0.1, "consumption_unit": null, "consumption_quantity": null}], "temperature_zone": null, "is_self_scale_item": false, "is_weight_item": false, "is_available_in_all_stores": true, "is_batch_item": false}
{"id": 74238, "name": "MUFFINS CHOKOLADE", "underline": "300 GR. / DAN CAKE", "age_limit": null, "hazard_precaution_statements": [], "labels": [], "description": null, "info": "", "images": [{"small": "https://rema-product-images.digital.rema1000.dk/74238/1-small-MBoNW4mqvA.webp", "medium": "https://rema-product-images.digital.rema1000.dk/74238/1-medium-MBoNW4mqvA.webp", "large": "https://rema-product-images.digital.rema1000.dk/74238/1-large-MBoNW4mqvA.webp"}], "prices": [{"price": 21.5, "price_over_max_quantity": null, "max_quantity": null, "is_advertised": false, "is_campaign": false, "starting_at": "2024-10-03T00:00:00+00:00", "ending_at": "2099-12-31T00:00:00+00:00", "deposit": null, "compare_unit": "kg", "compare_unit_price": 71.67, "consumption_unit": null, "consumption_quantity": null}], "temperature_zone": null, "is_self_scale_item": false, "is_weight_item": false, "is_available_in_all_stores": true, "is_batch_item": false}
{"id": 74257, "name": "SANDWICHKIKS", "underline": "500 GR. / REMA 1000", "age_limit": null, "hazard_precaution_statements": [], "labels": [{"id": 2, "name": "REMA1000", "image": "https://static-assets.digital.rema1000.dk/product/labels/2-64.webp"}, {"id": 95, "name": "Rainforest Alliance", "image": "https://static-assets.digital.rema1000.dk/product/labels/95-64.webp"}], "description": "Kiks med kakaocremefyld: 62% kiks og 38% kakaocreme.<br /> ", "info": "", "images": [{"small": "https://rema-product-images.digital.rema1000.dk/74257/1-small-wyPbvp1PEm.webp", "medium": "https://rema-product-images.digital.rema1000.dk/74257/1-medium-wyPbvp1PEm.webp", "large": "https://rema-product-images.digital.rema1000.dk/74257/1-large-wyPbvp1PEm.webp"}], "prices": [{"price": 19.95, "price_over_max_quantity": null, "max_quantity": null, "is_advertised": false, "is_campaign": false, "starting_at": "2025-02-27T00:00:00+00:00", "ending_at": "2099-12-31T00:00:00+00:00", "deposit": null, "compare_unit": "kg", "compare_unit_price": 39.9, "consumption_unit": null, "consumption_quantity": null}], "temperature_zone": null, "is_self_scale_item": false, "is_weight_item": false, "is_available_in_all_stores": true, "is_batch_item": false}
{"id": 74283, "name": "MØRK CHOKOLADEKIKS", "underline": "125 GR. / REMA 1000", "age_limit": null, "hazard_precaution_statements": [], "labels": [{"id": 2, "name": "REMA1000", "image": "https://static-assets.digital.rema1000.dk/product/labels/2-64.webp"}, {"id": 95, "name": "Rainforest Alliance", "image": "https://static-assets.digital.rema1000.dk/product/labels/95-64.webp"}], "description": "Med 63 % mørk chokolade med mindst 50 % kakaotørstof. ", "info": "", "images": [{"small": "https://rema-product-images.digital.rema1000.dk/74283/1-small-zOPldMxPRW.webp", "medium": "https://rema-product-images.digital.rema1000.dk/74283/1-medium-zOPldMxPRW.webp", "large": "https://rema-product-images.digital.rema1000.dk/74283/1-large-zOPldMxPRW.webp"}], "prices": [{"price": 16.95, "price_over_max_quantity": null, "max_quantity": null, "is_advertised": false, "is_campaign": false, "starting_at": "2025-02-06T00:00:00+00:00", "ending_at": "2099-12-31T00:00:00+00:00", "deposit": null, "compare_unit": "kg", "compare_unit_price": 135.6, "consumption_unit": null, "consumption_quantity": null}], "temperature_zone": null, "is_self_scale_item": false, "is_weight_item": false, "is_available_in_all_stores": true, "is_batch_item": false}
{"id": 74417, "name": "HINDBÆRROULADE", "underline": "300 GR. / CORONET", "age_limit": null, "hazard_precaution_statements": [], "labels": [], "description": null, "info": "", "images": [{"small": "https://rema-product-images.digital.rema1000.dk/74417/1-small-Z8qpawQ93N.webp", "medium": "https://rema-product-images.digital.rema1000.dk/74417/1-medium-Z8qpawQ93N.webp", "large": "https://rema-product-images.digital.rema1000.dk/74417/1-large-Z8qpawQ93N.webp"}], "prices": [{"price": 13.5, "price_over_max_quantity": null, "max_quantity": null, "is_advertised": false, "is_campaign": false, "starting_at": "2024-10-03T00:00:00+00:00", "ending_at": "2099-12-31T00:00:00+00:00", "deposit": null, "compare_unit": "kg", "compare_unit_price": 45, "consumption_unit": null, "consumption_quantity": null}], "temperature_zone": null, "is_self_scale_item": false, "is_weight_item": false, "is_available_in_all_stores": true, "is_batch_item": false}
{"id": 74418, "name": "KAKAOROULADE", "underline": "300 GR. / CORONET", "age_limit": null, "hazard_precaution_statements": [], "labels": [], "description": null, "info": "", "images": [{"small": "https://rema-product-images.digital.rema1000.dk/74418/1-small-2B94rAOokM.webp", "medium": "https://rema-product-images.digital.rema1000.dk/74418/1-medium-2B94rAOokM.webp", "large": "https://rema-product-images.digital.rema1000.dk/74418/1-large-2B94rAOokM.webp"}], "prices": [{"price": 13.95, "price_over_max_quantity": null, "max_quantity": null, "is_advertised": false, "is_campaign": false, "starting_at": "2024-10-03T00:00:00+00:00", "ending_at": "2099-12-31T00:00:00+00:00", "deposit": null, "compare_unit": "kg", "compare_unit_price": 46.5, "consumption_unit": null, "consumption_quantity": null}], "temperature_zone": null, "is_self_scale_item": false, "is_weight_item": false, "is_available_in_all_stores": true, "is_batch_item": false}
{"id": 75016, "name": "ROULADE", "underline": "350 GR. / MED MARCIPANSMAG", "age_limit": null, "hazard_precaution_statements": [], "labels": [], "description": null, "info": "", "images": [{"small": "https://rema-product-images.digital.rema1000.dk/75016/1-small-6xqA6Nb9Dr.webp", "medium": "https://rema-product-images.digital.rema1000.dk/75016/1-medium-6xqA6Nb9Dr.webp", "large": "https://rema-product-images.digital.rema1000.dk/75016/1-large-6xqA6Nb9Dr.webp"}], "prices": [{"price": 16.95, "price_over_max_quantity": null, "max_quantity": null, "is_advertised": false, "is_campaign": false, "starting_at": "2024-10-03T00:00:00+00:00", "ending_at": "2099-12-31T00:00:00+00:00", "deposit": null, "compare_unit": "kg", "compare_unit_price": 48.43, "consumption_unit": null, "consumption_quantity": null}], "temperature_zone": null, "is_self_scale_item": false, "is_weight_item": false, "is_available_in_all_stores": true, "is_batch_item": false}
{"id": 751062, "name": "STØVSUGERPOSER", "underline": "4 STK. / REMA 1000", "age_limit": null, "hazard_precaution_statements": [], "labels": [{"id": 2, "name": "REMA1000", "image": "https://static-assets.digital.rema1000.dk/product/labels/2-64.webp"}], "description": "Passer til følgende støvsugermærker Miele, Siemens, AEG, Bosch, Philips, Rowenta og mange flere", "info": "", "images": [{"small": "https://rema-product-images.digital.rema1000.dk/751062/1-small-2B94RxmGok.webp", "medium": "https://rema-product-images.digital.rema1000.dk/751062/1-medium-2B94RxmGok.webp", "large": "https://rema-product-images.digital.rema1000.dk/751062/1-large-2B94RxmGok.webp"}], "prices": [{"price": 69, "price_over_max_quantity": null, "max_quantity": null, "is_advertised": false, "is_campaign": false, "starting_at": "2016-04-05T00:00:00+00:00", "ending_at": "2099-12-31T00:00:00+00:00", "deposit": null, "compare_unit": "stk", "compare_unit_price": 17.25, "consumption_unit": null, "consumption_quantity": null}], "temperature_zone": null, "is_self_scale_item": false, "is_weight_item": false, "is_available_in_all_stores": true, "is_batch_item": false}
{"id": 75375, "name": "HAVREFLAGER", "underline": "300 GR. / REMA 1000", "age_limit": null, "hazard_precaution_statements": [], "labels": [{"id": 2, "name": "REMA1000", "image": "https://static-assets.digital.rema1000.dk/product/labels/2-64.webp"}], "description": "Kan indeholde spor af mandler.", "info": "", "images": [{"small": "https://rema-product-images.digital.rema1000.dk/75375/1-small-01q25A8o7n.webp", "medium": "https://rema-product-images.digital.rema1000.dk/75375/1-medium-01q25A8o7n.webp", "large": "https://rema-product-images.digital.rema1000.dk/75375/1-large-01q25A8o7n.webp"}], "prices": [{"price": 16.95, "price_over_max_quantity": null, "max_quantity": null, "is_advertised": false, "is_campaign": false, "starting_at": "2023-02-02T00:00:00+00:00", "ending_at": "2025-09-06T00:00:00+00:00", "deposit": null, "compare_unit": "kg", "compare_unit_price": 56.5, "consumption_unit": null, "consumption_quantity": null}], "temperature_zone": null, "is_self_scale_item": false, "is_weight_item": false, "is_available_in_all_stores": true, "is_batch_item": false}
{"id": 75377, "name": "ORANGEFLAGER", "underline": "300 GR. / REMA 1000", "age_limit": null, "hazard_precaution_statements": [], "labels": [{"id": 2, "name": "REMA1000", "image": "https://static-assets.digital.rema1000.dk/product/labels/2-64.webp"}], "description": null, "info": "", "images": [{"small": "https://rema-product-images.digital.rema1000.dk/75377/1-small-YLPjz2APkx.webp", "medium": "https://rema-product-images.digital.rema1000.dk/75377/1-medium-YLPjz2APkx.webp", "large": "https://rema-product-images.digital.rema1000.dk/75377/1-large-YLPjz2APkx.webp"}], "prices": [{"price": 16.95, "price_over_max_quantity": null, "max_quantity": null, "is_advertised": false, "is_campaign": false, "starting_at": "2023-02-02T00:00:00+00:00", "ending_at": "2025-09-06T00:00:00+00:00", "deposit": null, "compare_unit": "kg", "compare_unit_price": 56.5, "consumption_unit": null, "consumption_quantity": null}], "temperature_zone": null, "is_self_scale_item": false, "is_weight_item": false, "is_available_in_all_stores": true, "is_batch_item": false}
{"id": 75396, "name": "KAKAOFLAGER", "underline": "300 GR. / REMA 1000", "age_limit": null, "hazard_precaution_statements": [], "labels": [{"id": 2, "name": "REMA1000", "image": "https://static-assets.digital.rema1000.dk/product/labels/2-64.webp"}, {"id": 95, "name": "Rainforest Alliance", "image": "https://static-assets.digital.rema1000.dk/product/labels/95-64.webp"}], "description": null, "info": "", "images": [{"small": "https://rema-product-images.digital.rema1000.dk/75396/1-small-NpP7KY5POl.webp", "medium": "https://rema-product-images.digital.rema1000.dk/75396/1-medium-NpP7KY5POl.webp", "large": "https://rema-product-images.digital.rema1000.dk/75396/1-large-NpP7KY5POl.webp"}], "prices": [{"price": 18.95, "price_over_max_quantity": null, "max_quantity": null, "is_advertised": false, "is_campaign": false, "starting_at": "2023-02-02T00:00:00+00:00", "ending_at": "2099-12-31T00:00:00+00:00", "deposit": null, "compare_unit": "kg", "compare_unit_price": 63.17, "consumption_unit": null, "consumption_quantity": null}], "temperature_zone": null, "is_self_scale_item": false, "is_weight_item": false, "is_available_in_all_stores": true, "is_batch_item": false}
{"id": 75530, "name": "VAFFELBLANDING", "underline": "400 GR. / DESIREE", "age_limit": null, "hazard_precaution_statements": [], "labels": [], "description": null, "info": "", "images": [{"small": "https://rema-product-images.digital.rema1000.dk/75530/1-small-869DNWEoMa.webp", "medium": "https://rema-product-images.digital.rema1000.dk/75530/1-medium-869DNWEoMa.webp", "large": "https://rema-product-images.digital.rema1000.dk/75530/1-large-869DNWEoMa.webp"}], "prices": [{"price": 23.5, "price_over_max_quantity": null, "max_quantity": null, "is_advertised": false, "is_campaign": false, "starting_at": "2025-03-06T00:00:00+00:00", "ending_at": "2025-10-31T00:00:00+00:00", "deposit": null, "compare_unit": "kg", "compare_unit_price": 58.75, "consumption_unit": null, "consumption_quantity": null}], "temperature_zone": null, "is_self_scale_item": false, "is_weight_item": false, "is_available_in_all_stores": true, "is_batch_item": false}
{"id": 75535, "name": "STUDENTER", "underline": "200 GR. / SNØFLER", "age_limit": null, "hazard_precaution_statements": [], "labels": [{"id": 95, "name": "Rainforest Alliance", "image": "https://static-assets.digital.rema1000.dk/product/labels/95-64.webp"}], "description": null, "info": "", "images": [{"small": "https://rema-product-images.digital.rema1000.dk/75535/1-small-Gb9kNK4q75.webp", "medium": "https://rema-product-images.digital.rema1000.dk/75535/1-medium-Gb9kNK4q75.webp", "large": "https://rema-product-images.digital.rema1000.dk/75535/1-large-Gb9kNK4q75.webp"}], "prices": [{"price": 11.5, "price_over_max_quantity": null, "max_quantity": null, "is_advertised": false, "is_campaign": false, "starting_at": "2025-02-01T00:00:00+00:00", "ending_at": "2099-12-31T00:00:00+00:00", "deposit": null, "compare_unit": "kg", "compare_unit_price": 57.5, "consumption_unit": null, "consumption_quantity": null}], "temperature_zone": null, "is_self_scale_item": false, "is_weight_item": false, "is_available_in_all_stores": true, "is_batch_item": false}
{"id": 75693, "name": "KRYDDERSMÅKAGER", "underline": "260 GR. / REMA 1000", "age_limit": null, "hazard_precaution_statements": [], "labels": [{"id": 2, "name": "REMA1000", "image": "https://static-assets.digital.rema1000.dk/product/labels/2-64.webp"}], "description": null, "info": "", "images": [{"small": "https://rema-product-images.digital.rema1000.dk/75693/1-small-xQq8mWd9Zd.webp", "medium": "https://rema-product-images.digital.rema1000.dk/75693/1-medium-xQq8mWd9Zd.webp", "large": "https://rema-product-images.digital.rema1000.dk/75693/1-large-xQq8mWd9Zd.webp"}], "prices": [{"price": 11.95, "price_over_max_quantity": null, "max_quantity": null, "is_advertised": false, "is_campaign": false, "starting_at": "2025-01-23T00:00:00+00:00", "ending_at": "2099-12-31T00:00:00+00:00", "deposit": null, "compare_unit": "kg", "compare_unit_price": 45.96, "consumption_unit": null, "consumption_quantity": null}], "temperature_zone": null, "is_self_scale_item": false, "is_weight_item": false, "is_available_in_all_stores": true, "is_batch_item": false}
{"id": 75695, "name": "COOKIES PEANUTS", "underline": "150 GR. / REMA 1000", "age_limit": null, "hazard_precaution_statements": [], "labels": [{"id": 2, "name": "REMA1000", "image": "https://static-assets.digital.rema1000.dk/product/labels/2-64.webp"}], "description": null, "info": "", "images": [{"small": "https://rema-product-images.digital.rema1000.dk/75695/1-small-v09gmlEoAW.webp", "medium": "https://rema-product-images.digital.rema1000.dk/75695/1-medium-v09gmlEoAW.webp", "large": "https://rema-product-images.digital.rema1000.dk/75695/1-large-v09gmlEoAW.webp"}], "prices": [{"price": 11.5, "price_over_max_quantity": null, "max_quantity": null, "is_advertised": false, "is_campaign": false, "starting_at": "2023-01-05T00:00:00+00:00", "ending_at": "2099-12-31T00:00:00+00:00", "deposit": null, "compare_unit": "kg", "compare_unit_price": 76.67, "consumption_unit": null, "consumption_quantity": null}], "temperature_zone": null, "is_self_scale_item": false, "is_weight_item": false, "is_available_in_all_stores": true, "is_batch_item": false}
{"id": 75923, "name": "MAZARINTÆRTE", "underline": "275 GR. / REMA 1000", "age_limit": null, "hazard_precaution_statements": [], "labels": [{"id": 2, "name": "REMA1000", "image": "https://static-assets.digital.rema1000.dk/product/labels/2-64.webp"}, {"id": 95, "name": "Rainforest Alliance", "image": "https://static-assets.digital.rema1000.dk/product/labels/95-64.webp"}], "description": "", "info": "", "images": [{"small": "https://rema-product-images.digital.rema1000.dk/75923/1-small-MNqZYV1oA7.webp", "medium": "https://rema-product-images.digital.rema1000.dk/75923/1-medium-MNqZYV1oA7.webp", "large": "https://rema-product-images.digital.rema1000.dk/75923/1-large-MNqZYV1oA7.webp"}], "prices": [{"price": 16.5, "price_over_max_quantity": null, "max_quantity": null, "is_advertised": false, "is_campaign": false, "starting_at": "2024-10-03T00:00:00+00:00", "ending_at": "2025-09-06T00:00:00+00:00", "deposit": null, "compare_unit": "kg", "compare_unit_price": 60, "consumption_unit": null, "consumption_quantity": null}], "temperature_zone": null, "is_self_scale_item": false, "is_weight_item": false, "is_available_in_all_stores": true, "is_batch_item": false}
{"id": 75967, "name": "M&M COOKIES", "underline": "180 GR. / CHOCO MINIS", "age_limit": null, "hazard_precaution_statements": [], "labels": [], "description": null, "info": "", "images": [{"small": "https://rema-product-images.digital.rema1000.dk/75967/1-small-MNqZY41oA7.webp", "medium": "https://rema-product-images.digital.rema1000.dk/75967/1-medium-MNqZY41oA7.webp", "large": "https://rema-product-images.digital.rema1000.dk/75967/1-large-MNqZY41oA7.webp"}], "prices": [{"price": 22, "price_over_max_quantity": null, "max_quantity": null, "is_advertised": false, "is_campaign": false, "starting_at": "2025-03-06T00:00:00+00:00", "ending_at": "2025-08-20T00:00:00+00:00", "deposit": null, "compare_unit": "kg", "compare_unit_price": 122.22, "consumption_unit": null, "consumption_quantity": null}], "temperature_zone": null, "is_self_scale_item": false, "is_weight_item": false, "is_available_in_all_stores": true, "is_batch_item": false}
{"id": 76064, "name": "MARMORKAGE", "underline": "350 GR. / DAN CAKE", "age_limit": null, "hazard_precaution_statements": [], "labels": [], "description": null, "info": "", "images": [{"small": "https://rema-product-images.digital.rema1000.dk/76064/1-small-AKqeWeZPp1.webp", "medium": "https://rema-product-images.digital.rema1000.dk/76064/1-medium-AKqeWeZPp1.webp", "large": "https://rema-product-images.digital.rema1000.dk/76064/1-large-AKqeWeZPp1.webp"}], "prices": [{"price": 14.95, "price_over_max_quantity": null, "max_quantity": null, "is_advertised": false, "is_campaign": false, "starting_at": "2024-10-03T00:00:00+00:00", "ending_at": "2099-12-31T00:00:00+00:00", "deposit": null, "compare_unit": "kg", "compare_unit_price": 42.71, "consumption_unit": null, "consumption_quantity": null}], "temperature_zone": null, "is_self_scale_item": false, "is_weight_item": false, "is_available_in_all_stores": true, "is_batch_item": false}
{"id": 77002, "name": "LAGKAGEBUNDE", "underline": "240 GR. / REMA 1000", "age_limit": null, "hazard_precaution_statements": [], "labels": [{"id": 2, "name": "REMA1000", "image": "https://static-assets.digital.rema1000.dk/product/labels/2-64.webp"}], "description": "3 stk", "info": "", "images": [{"small": "https://rema-product-images.digital.rema1000.dk/77002/1-small-kAonnaMox8.webp", "medium": "https://rema-product-images.digital.rema1000.dk/77002/1-medium-kAonnaMox8.webp", "large": "https://rema-product-images.digital.rema1000.dk/77002/1-large-kAonnaMox8.webp"}], "prices": [{"price": 12, "price_over_max_quantity": null, "max_quantity": null, "is_advertised": false, "is_campaign": false, "starting_at": "2023-01-19T00:00:00+00:00", "ending_at": "2099-12-31T00:00:00+00:00", "deposit": null, "compare_unit": "kg", "compare_unit_price": 50, "consumption_unit": null, "consumption_quantity": null}], "temperature_zone": null, "is_self_scale_item": false, "is_weight_item": false, "is_available_in_all_stores": true, "is_batch_item": false}
{"id": 770030, "name": "MANCHETTER", "underline": "24 STK.", "age_limit": null, "hazard_precaution_statements": [], "labels": [], "description": null, "info": "", "images": [{"small": "https://rema-product-images.digital.rema1000.dk/770030/1-small-869DO7l8qM.webp", "medium": "https://rema-product-images.digital.rema1000.dk/770030/1-medium-869DO7l8qM.webp", "large": "https://rema-product-images.digital.rema1000.dk/770030/1-large-869DO7l8qM.webp"}], "prices": [{"price": 15, "price_over_max_quantity": null, "max_quantity": null, "is_advertised": false, "is_campaign": false, "starting_at": "2015-01-20T00:00:00+00:00", "ending_at": "2099-12-31T00:00:00+00:00", "deposit": null, "compare_unit": "stk", "compare_unit_price": 0.63, "consumption_unit": null, "consumption_quantity": null}], "temperature_zone": null, "is_self_scale_item": false, "is_weight_item": false, "is_available_in_all_stores": false, "is_batch_item": false}
{"id": 770722, "name": "MINI BORDFLAG", "underline": "2 STK. / H 15 CM", "age_limit": null, "hazard_precaution_statements": [], "labels": [], "description": null, "info": "", "images": [{"small": "https://rema-product-images.digital.rema1000.dk/770722/1-small-pyoz4pbM9X.webp", "medium": "https://rema-product-images.digital.rema1000.dk/770722/1-medium-pyoz4pbM9X.webp", "large": "https://rema-product-images.digital.rema1000.dk/770722/1-large-pyoz4pbM9X.webp"}], "prices": [{"price": 12, "price_over_max_quantity": null, "max_quantity": null, "is_advertised": false, "is_campaign": false, "starting_at": "2020-09-14T00:00:00+00:00", "ending_at": "2099-12-31T00:00:00+00:00", "deposit": null, "compare_unit": "stk", "compare_unit_price": 6, "consumption_unit": null, "consumption_quantity": null}], "temperature_zone": null, "is_self_scale_item": false, "is_weight_item": false, "is_available_in_all_stores": true, "is_batch_item": false}
{"id": 77807, "name": "PISTACIENØDDER", "underline": "200 GR. / REMA 1000", "age_limit": null, "hazard_precaution_statements": [], "labels": [{"id": 2, "name": "REMA1000", "image": "https://static-assets.digital.rema1000.dk/product/labels/2-64.webp"}], "description": "<b>Discount med holdning</b><br />I REMA 1000 har vi fokus på kvalitet til lave priser og overskriften på vores arbejde er Discount med holdning.<br /><br />Vi har en klar holdning til alle de varer, vi sælger. Vi stiller ikke kun krav til kvaliteten af vores egne mærkevarer – det er også vigtigt for os, at emballagerne er designet til genanvendelse, at indholdet er uden problematiske stoffer, og at varerne er produceret ansvarligt samt mærket med tydelige og valide certificeringer.<br /><b> </b><br /><b>Om denne vare</b><br />REMA 1000 PISTACIENØDDER fra det solrige Californien er ristet og saltet, og smager derfor lige som pistacienødder skal. <br /><br />Nødderne er lige til at spise fra posen og perfekt til at stilne den lille sult - bare husk at tage skallen af inden. Smager også skønt i en god salat.", "info": "", "images": [{"small": "https://rema-product-images.digital.rema1000.dk/77807/1-small-v09gV8EqAW.webp", "medium": "https://rema-product-images.digital.rema1000.dk/77807/1-medium-v09gV8EqAW.webp", "large": "https://rema-product-images.digital.rema1000.dk/77807/1-large-v09gV8EqAW.webp"}], "prices": [{"price": 23.95, "price_over_max_quantity": null, "max_quantity": null, "is_advertised": false, "is_campaign": false, "starting_at": "2025-01-02T00:00:00+00:00", "ending_at": "2099-12-31T00:00:00+00:00", "deposit": null, "compare_unit": "kg", "compare_unit_price": 119.75, "consumption_unit": null, "consumption_quantity": null}], "temperature_zone": null, "is_self_scale_item": false, "is_weight_item": false, "is_available_in_all_stores": true, "is_batch_item": false}
{"id": 77846, "name": "OSTEPOPS", "underline": "140 GR. / KIMS", "age_limit": null, "hazard_precaution_statements": [], "labels": [], "description": null, "info": "", "images": [{"small": "https://rema-product-images.digital.rema1000.dk/77846/1-small-kAon4Jy9x8.webp", "medium": "https://rema-product-images.digital.rema1000.dk/77846/1-medium-kAon4Jy9x8.webp", "large": "https://rema-product-images.digital.rema1000.dk/77846/1-large-kAon4Jy9x8.webp"}], "prices": [{"price": 29.5, "price_over_max_quantity": null, "max_quantity": null, "is_advertised": false, "is_campaign": false, "starting_at": "2025-02-01T00:00:00+00:00", "ending_at": "2025-08-23T00:00:00+00:00", "deposit": null, "compare_unit": "kg", "compare_unit_price": 210.71, "consumption_unit": null, "consumption_quantity": null}], "temperature_zone": null, "is_self_scale_item": false, "is_weight_item": false, "is_available_in_all_stores": true, "is_batch_item": false}
{"id": 77919, "name": "CHICKEN POMM'S", "underline": "130 GR. / TAFFEL", "age_limit": null, "hazard_precaution_statements": [], "labels": [], "description": null, "info": "", "images": [{"small": "https://rema-product-images.digital.rema1000.dk/77919/1-small-rDq6nXdqbW.webp", "medium": "https://rema-product-images.digital.rema1000.dk/77919/1-medium-rDq6nXdqbW.webp", "large": "https://rema-product-images.digital.rema1000.dk/77919/1-large-rDq6nXdqbW.webp"}], "prices": [{"price": 24.95, "price_over_max_quantity": null, "max_quantity": null, "is_advertised": false, "is_campaign": false, "starting_at": "2025-07-03T00:00:00+00:00", "ending_at": "2099-12-31T00:00:00+00:00", "deposit": null, "compare_unit": "kg", "compare_unit_price": 191.92, "consumption_unit": null, "consumption_quantity": null}], "temperature_zone": null, "is_self_scale_item": false, "is_weight_item": false, "is_available_in_all_stores": true, "is_batch_item": false}
{"id": 77966, "name": "FLÆSKESVÆR", "underline": "150 GR. / REMA 1000", "age_limit": null, "hazard_precaution_statements": [], "labels": [{"id": 2, "name": "REMA1000", "image": "https://static-assets.digital.rema1000.dk/product/labels/2-64.webp"}], "description": "<b>Discount med holdning</b><br />I REMA 1000 har vi fokus på kvalitet til lave priser og overskriften på vores arbejde er Discount med holdning.<br /><br />Vi har en klar holdning til alle de varer, vi sælger. Vi stiller ikke kun krav til kvaliteten af vores egne mærkevarer – det er også vigtigt for os, at emballagerne er designet til genanvendelse, at indholdet er uden problematiske stoffer, og at varerne er produceret ansvarligt samt mærket med tydelige og valide certificeringer.<br /><b> </b><br /><b>Om denne vare</b><br />REMA 1000 FLÆSKESVÆR er en sprød, salt og lækker snack-klassiker til festen og de hyggelige stunder i godt selskab.", "info": "", "images": [{"small": "https://rema-product-images.digital.rema1000.dk/77966/1-small-pyozDR19Xn.webp", "medium": "https://rema-product-images.digital.rema1000.dk/77966/1-medium-pyozDR19Xn.webp", "large": "https://rema-product-images.digital.rema1000.dk/77966/1-large-pyozDR19Xn.webp"}], "prices": [{"price": 15.95, "price_over_max_quantity": null, "max_quantity": null, "is_advertised": false, "is_campaign": false, "starting_at": "2022-12-29T00:00:00+00:00", "ending_at": "2099-12-31T00:00:00+00:00", "deposit": null, "compare_unit": "kg", "compare_unit_price": 106.33, "consumption_unit": null, "consumption_quantity": null}], "temperature_zone": null, "is_self_scale_item": false, "is_weight_item": false, "is_available_in_all_stores": true, "is_batch_item": false}
{"id": 77983, "name": "FRANSKE KARTOFLER", "underline": "250 GR. / REMA 1000", "age_limit": null, "hazard_precaution_statements": [], "labels": [{"id": 2, "name": "REMA1000", "image": "https://static-assets.digital.rema1000.dk/product/labels/2-64.webp"}], "description": null, "info": "", "images": [{"small": "https://rema-product-images.digital.rema1000.dk/77983/1-small-zOPlA4JoRW.webp", "medium": "https://rema-product-images.digital.rema1000.dk/77983/1-medium-zOPlA4JoRW.webp", "large": "https://rema-product-images.digital.rema1000.dk/77983/1-large-zOPlA4JoRW.webp"}], "prices": [{"price": 10.5, "price_over_max_quantity": null, "max_quantity": null, "is_advertised": false, "is_campaign": false, "starting_at": "2023-08-24T00:00:00+00:00", "ending_at": "2099-12-31T00:00:00+00:00", "deposit": null, "compare_unit": "kg", "compare_unit_price": 42, "consumption_unit": null, "consumption_quantity": null}], "temperature_zone": null, "is_self_scale_item": false, "is_weight_item": false, "is_available_in_all_stores": true, "is_batch_item": false}
{"id": 77984, "name": "BARBECUE CHIPS", "underline": "250 GR. / REMA 1000", "age_limit": null, "hazard_precaution_statements": [], "labels": [{"id": 2, "name": "REMA1000", "image": "https://static-assets.digital.rema1000.dk/product/labels/2-64.webp"}], "description": "", "info": "", "images": [{"small": "https://rema-product-images.digital.rema1000.dk/77984/1-small-rQqQxbYoea.webp", "medium": "https://rema-product-images.digital.rema1000.dk/77984/1-medium-rQqQxbYoea.webp", "large": "https://rema-product-images.digital.rema1000.dk/77984/1-large-rQqQxbYoea.webp"}], "prices": [{"price": 11.5, "price_over_max_quantity": null, "max_quantity": null, "is_advertised": false, "is_campaign": false, "starting_at": "2023-01-26T00:00:00+00:00", "ending_at": "2099-12-31T00:00:00+00:00", "deposit": null, "compare_unit": "kg", "compare_unit_price": 46, "consumption_unit": null, "consumption_quantity": null}], "temperature_zone": null, "is_self_scale_item": false, "is_weight_item": false, "is_available_in_all_stores": true, "is_batch_item": false}
{"id": 77993, "name": "OSTEREJER", "underline": "175 GR. / REMA 1000", "age_limit": null, "hazard_precaution_statements": [], "labels": [{"id": 2, "name": "REMA1000", "image": "https://static-assets.digital.rema1000.dk/product/labels/2-64.webp"}], "description": "Majssnacks med ostesmag.", "info": "", "images": [{"small": "https://rema-product-images.digital.rema1000.dk/77993/1-small-xQq851M9Zd.webp", "medium": "https://rema-product-images.digital.rema1000.dk/77993/1-medium-xQq851M9Zd.webp", "large": "https://rema-product-images.digital.rema1000.dk/77993/1-large-xQq851M9Zd.webp"}], "prices": [{"price": 9.95, "price_over_max_quantity": null, "max_quantity": null, "is_advertised": false, "is_campaign": false, "starting_at": "2023-02-02T00:00:00+00:00", "ending_at": "2099-12-31T00:00:00+00:00", "deposit": null, "compare_unit": "kg", "compare_unit_price": 56.86, "consumption_unit": null, "consumption_quantity": null}], "temperature_zone": null, "is_self_scale_item": false, "is_weight_item": false, "is_available_in_all_stores": true, "is_batch_item": false}
{"id": 77994, "name": "BACON SNACKS", "underline": "175 GR. / REMA 1000", "age_limit": null, "hazard_precaution_statements": [], "labels": [{"id": 2, "name": "REMA1000", "image": "https://static-assets.digital.rema1000.dk/product/labels/2-64.webp"}], "description": "<b>Discount med holdning</b><br />I REMA 1000 har vi fokus på kvalitet til lave priser og overskriften på vores arbejde er Discount med holdning.<br /><br />Vi har en klar holdning til alle de varer, vi sælger. Vi stiller ikke kun krav til kvaliteten af vores egne mærkevarer – det er også vigtigt for os, at emballagerne er designet til genanvendelse, at indholdet er uden problematiske stoffer, og at varerne er produceret ansvarligt samt mærket med tydelige og valide certificeringer.<br /><b> </b><br /><b>Om denne vare</b><br />REMA 1000 BACON SNACKS er røget og saltet med smag af bacon. Den smager skønt og behøver ingen dip - til gengæld smager de bedst i godt selskab.<br /><br />Tip: smager allerbedst, når de bliver lunet.", "info": "", "images": [{"small": "https://rema-product-images.digital.rema1000.dk/77994/1-small-vVorz3vo3z.webp", "medium": "https://rema-product-images.digital.rema1000.dk/77994/1-medium-vVorz3vo3z.webp", "large": "https://rema-product-images.digital.rema1000.dk/77994/1-large-vVorz3vo3z.webp"}], "prices": [{"price": 11.95, "price_over_max_quantity": null, "max_quantity": null, "is_advertised": false, "is_campaign": false, "starting_at": "2022-12-29T00:00:00+00:00", "ending_at": "2099-12-31T00:00:00+00:00", "deposit": null, "compare_unit": "kg", "compare_unit_price": 68.29, "consumption_unit": null, "consumption_quantity": null}], "temperature_zone": null, "is_self_scale_item": false, "is_weight_item": false, "is_available_in_all_stores": true, "is_batch_item": false}
{"id": 77995, "name": "SNACK MIX", "underline": "175 GR. / REMA 1000", "age_limit": null, "hazard_precaution_statements": [], "labels": [{"id": 2, "name": "REMA1000", "image": "https://static-assets.digital.rema1000.dk/product/labels/2-64.webp"}], "description": "<b>Discount med holdning</b><br />I REMA 1000 har vi fokus på kvalitet til lave priser og overskriften på vores arbejde er Discount med holdning.<br /><br />Vi har en klar holdning til alle de varer, vi sælger. Vi stiller ikke kun krav til kvaliteten af vores egne mærkevarer – det er også vigtigt for os, at emballagerne er designet til genanvendelse, at indholdet er uden problematiske stoffer, og at varerne er produceret ansvarligt samt mærket med tydelige og valide certificeringer.<br /><b> </b><br /><b>Om denne vare</b><br />REMA 1000 SNACK MIX er en sprød, mild og luftig kartoffelbaseret snack - let krydret med paprika. En sprød og lækker snack til hyggelige stunder i godt selskab.<br /><br />Tip: server med din yndlingsdip til.", "info": "", "images": [{"small": "https://rema-product-images.digital.rema1000.dk/77995/1-small-v09gV4eqAW.webp", "medium": "https://rema-product-images.digital.rema1000.dk/77995/1-medium-v09gV4eqAW.webp", "large": "https://rema-product-images.digital.rema1000.dk/77995/1-large-v09gV4eqAW.webp"}], "prices": [{"price": 12.5, "price_over_max_quantity": null, "max_quantity": null, "is_advertised": false, "is_campaign": false, "starting_at": "2022-12-29T00:00:00+00:00", "ending_at": "2099-12-31T00:00:00+00:00", "deposit": null, "compare_unit": "kg", "compare_unit_price": 71.43, "consumption_unit": null, "consumption_quantity": null}], "temperature_zone": null, "is_self_scale_item": false, "is_weight_item": false, "is_available_in_all_stores": true, "is_batch_item": false}
{"id": 77998, "name": "SNACK MIX SC&O", "underline": "175 GR. / REMA 1000", "age_limit": null, "hazard_precaution_statements": [], "labels": [{"id": 2, "name": "REMA1000", "image": "https://static-assets.digital.rema1000.dk/product/labels/2-64.webp"}], "description": "<b>Discount med holdning</b><br />I REMA 1000 har vi fokus på kvalitet til lave priser og overskriften på vores arbejde er Discount med holdning.<br /><br />Vi har en klar holdning til alle de varer, vi sælger. Vi stiller ikke kun krav til kvaliteten af vores egne mærkevarer – det er også vigtigt for os, at emballagerne er designet til genanvendelse, at indholdet er uden problematiske stoffer, og at varerne er produceret ansvarligt samt mærket med tydelige og valide certificeringer.<br /><b> </b><br /><b>Om denne vare</b><br />REMA 1000 SNACK MIX med sour cream &amp; onion er en sprød og lækker snack. Smager skønt og et sikkert hit til snackskålen, til fest og hyggelige sammenkomster.<br /><br /><b>Tip</b>: server med din yndlingsdip til.", "info": "", "images": [{"small": "https://rema-product-images.digital.rema1000.dk/77998/1-small-Al90LZR98w.webp", "medium": "https://rema-product-images.digital.rema1000.dk/77998/1-medium-Al90LZR98w.webp", "large": "https://rema-product-images.digital.rema1000.dk/77998/1-large-Al90LZR98w.webp"}], "prices": [{"price": 12.5, "price_over_max_quantity": null, "max_quantity": null, "is_advertised": false, "is_campaign": false, "starting_at": "2022-12-29T00:00:00+00:00", "ending_at": "2099-12-31T00:00:00+00:00", "deposit": null, "compare_unit": "kg", "compare_unit_price": 71.43, "consumption_unit": null, "consumption_quantity": null}], "temperature_zone": null, "is_self_scale_item": false, "is_weight_item": false, "is_available_in_all_stores": true, "is_batch_item": false}
{"id": 77999, "name": "SALTE SPIRALER", "underline": "175 GR. / REMA 1000", "age_limit": null, "hazard_precaution_statements": [], "labels": [{"id": 2, "name": "REMA1000", "image": "https://static-assets.digital.rema1000.dk/product/labels/2-64.webp"}], "description": "<b>Discount med holdning</b><br />I REMA 1000 har vi fokus på kvalitet til lave priser og overskriften på vores arbejde er Discount med holdning.<br /><br />Vi har en klar holdning til alle de varer, vi sælger. Vi stiller ikke kun krav til kvaliteten af vores egne mærkevarer – det er også vigtigt for os, at emballagerne er designet til genanvendelse, at indholdet er uden problematiske stoffer, og at varerne er produceret ansvarligt samt mærket med tydelige og valide certificeringer.<br /><b> </b><br /><b>Om denne vare</b><br />REMA 1000 SALTE SPIRALER er en sprød og lækker snack til hyggelige stunder i godt selskab.<br /><br /><b>Tip</b>: server med din yndlingsdip til.", "info": "", "images": [{"small": "https://rema-product-images.digital.rema1000.dk/77999/1-small-A5qVGAk9aQ.webp", "medium": "https://rema-product-images.digital.rema1000.dk/77999/1-medium-A5qVGAk9aQ.webp", "large": "https://rema-product-images.digital.rema1000.dk/77999/1-large-A5qVGAk9aQ.webp"}], "prices": [{"price": 12.5, "price_over_max_quantity": null, "max_quantity": null, "is_advertised": false, "is_campaign": false, "starting_at": "2022-12-29T00:00:00+00:00", "ending_at": "2099-12-31T00:00:00+00:00", "deposit": null, "compare_unit": "kg", "compare_unit_price": 71.43, "consumption_unit": null, "consumption_quantity": null}], "temperature_zone": null, "is_self_scale_item": false, "is_weight_item": false, "is_available_in_all_stores": true, "is_batch_item": false}
{"id": 78005, "name": "MAJSSNACKS M/KRYDDERI", "underline": "125 GR. / REMA 1000", "age_limit": null, "hazard_precaution_statements": [], "labels": [{"id": 2, "name": "REMA1000", "image": "https://static-assets.digital.rema1000.dk/product/labels/2-64.webp"}], "description": "<b>Discount med holdning</b><br />I REMA 1000 har vi fokus på kvalitet til lave priser og overskriften på vores arbejde er Discount med holdning.<br /><br />Vi har en klar holdning til alle de varer, vi sælger. Vi stiller ikke kun krav til kvaliteten af vores egne mærkevarer – det er også vigtigt for os, at emballagerne er designet til genanvendelse, at indholdet er uden problematiske stoffer, og at varerne er produceret ansvarligt samt mærket med tydelige og valide certificeringer.<br /><b> </b><br /><b>Om denne vare</b><br />REMA 1000 MAJSSNACKS er en sprød og luftig snack - let krydret med bl.a. chili, paprika og hvidløg. En sprød og lækker snack til hyggelige stunder i godt selskab.<br /><br /><b>Tip</b>: server med din yndlingsdip til. ", "info": "", "images": [{"small": "https://rema-product-images.digital.rema1000.dk/78005/1-small-xQq851n9Zd.webp", "medium": "https://rema-product-images.digital.rema1000.dk/78005/1-medium-xQq851n9Zd.webp", "large": "https://rema-product-images.digital.rema1000.dk/78005/1-large-xQq851n9Zd.webp"}], "prices": [{"price": 12.5, "price_over_max_quantity": null, "max_quantity": null, "is_advertised": false, "is_campaign": false, "starting_at": "2022-12-29T00:00:00+00:00", "ending_at": "2099-12-31T00:00:00+00:00", "deposit": null, "compare_unit": "kg", "compare_unit_price": 100, "consumption_unit": null, "consumption_quantity": null}], "temperature_zone": null, "is_self_scale_item": false, "is_weight_item": false, "is_available_in_all_stores": true, "is_batch_item": false}
{"id": 78006, "name": "KARTOFFELSTICKS", "underline": "125 GR. / REMA 1000", "age_limit": null, "hazard_precaution_statements": [], "labels": [{"id": 2, "name": "REMA1000", "image": "https://static-assets.digital.rema1000.dk/product/labels/2-64.webp"}], "description": "<b>Discount med holdning</b><br />I REMA 1000 har vi fokus på kvalitet til lave priser og overskriften på vores arbejde er Discount med holdning.<br /><br />Vi har en klar holdning til alle de varer, vi sælger. Vi stiller ikke kun krav til kvaliteten af vores egne mærkevarer – det er også vigtigt for os, at emballagerne er designet til genanvendelse, at indholdet er uden problematiske stoffer, og at varerne er produceret ansvarligt samt mærket med tydelige og valide certificeringer.<br /><b> </b><br /><b>Om denne vare</b><br />REMA 1000 KARTOFFELSTICKS er fine strimler af kartofler, stegt i solsikkeolie og smagt til med salt. En sprød og delikat snack til hyggelige stunder i godt selskab.<br /><br /><b>Tip</b>: server med din yndlingsdip til. ", "info": "", "images": [{"small": "https://rema-product-images.digital.rema1000.dk/78006/1-small-vVorz3Do3z.webp", "medium": "https://rema-product-images.digital.rema1000.dk/78006/1-medium-vVorz3Do3z.webp", "large": "https://rema-product-images.digital.rema1000.dk/78006/1-large-vVorz3Do3z.webp"}], "prices": [{"price": 8.95, "price_over_max_quantity": null, "max_quantity": null, "is_advertised": false, "is_campaign": false, "starting_at": "2022-12-29T00:00:00+00:00", "ending_at": "2099-12-31T00:00:00+00:00", "deposit": null, "compare_unit": "kg", "compare_unit_price": 71.6, "consumption_unit": null, "consumption_quantity": null}], "temperature_zone": null, "is_self_scale_item": false, "is_weight_item": false, "is_available_in_all_stores": true, "is_batch_item": false}
{"id": 780520, "name": "PAKKETAPE", "underline": "20 MTR. / MED DISPENSER", "age_limit": null, "hazard_precaution_statements": [], "labels": [], "description": null, "info": "", "images": [{"small": "https://rema-product-images.digital.rema1000.dk/780520/1-small-AKqeA88Qqp.webp", "medium": "https://rema-product-images.digital.rema1000.dk/780520/1-medium-AKqeA88Qqp.webp", "large": "https://rema-product-images.digital.rema1000.dk/780520/1-large-AKqeA88Qqp.webp"}], "prices": [{"price": 12.95, "price_over_max_quantity": null, "max_quantity": null, "is_advertised": false, "is_campaign": false, "starting_at": "2022-01-13T00:00:00+00:00", "ending_at": "2099-12-31T00:00:00+00:00", "deposit": null, "compare_unit": "mtr", "compare_unit_price": 0.65, "consumption_unit": null, "consumption_quantity": null}], "temperature_zone": null, "is_self_scale_item": false, "is_weight_item": false, "is_available_in_all_stores": true, "is_batch_item": false}
{"id": 780523, "name": "UNIVERSAL GEL TAPE", "underline": "3 MTR. / DOBBELTKLÆBENDE", "age_limit": null, "hazard_precaution_statements": [], "labels": [], "description": null, "info": "", "images": [{"small": "https://rema-product-images.digital.rema1000.dk/780523/1-small-MNqZVlllqA.webp", "medium": "https://rema-product-images.digital.rema1000.dk/780523/1-medium-MNqZVlllqA.webp", "large": "https://rema-product-images.digital.rema1000.dk/780523/1-large-MNqZVlllqA.webp"}], "prices": [{"price": 29, "price_over_max_quantity": null, "max_quantity": null, "is_advertised": false, "is_campaign": false, "starting_at": "2024-04-17T00:00:00+00:00", "ending_at": "2099-12-31T00:00:00+00:00", "deposit": null, "compare_unit": "mtr", "compare_unit_price": 9.67, "consumption_unit": null, "consumption_quantity": null}], "temperature_zone": null, "is_self_scale_item": false, "is_weight_item": false, "is_available_in_all_stores": true, "is_batch_item": false}
{"id": 780578, "name": "BOBLEKUVERTER", "underline": "2 STK. / A4", "age_limit": null, "hazard_precaution_statements": [], "labels": [], "description": null, "info": "", "images": [{"small": "https://rema-product-images.digital.rema1000.dk/780578/1-small-yLqGXM8r9d.webp", "medium": "https://rema-product-images.digital.rema1000.dk/780578/1-medium-yLqGXM8r9d.webp", "large": "https://rema-product-images.digital.rema1000.dk/780578/1-large-yLqGXM8r9d.webp"}], "prices": [{"price": 15, "price_over_max_quantity": null, "max_quantity": null, "is_advertised": false, "is_campaign": false, "starting_at": "2024-10-23T00:00:00+00:00", "ending_at": "2099-12-31T00:00:00+00:00", "deposit": null, "compare_unit": "stk", "compare_unit_price": 7.5, "consumption_unit": null, "consumption_quantity": null}], "temperature_zone": null, "is_self_scale_item": false, "is_weight_item": false, "is_available_in_all_stores": true, "is_batch_item": false}
{"id": 780579, "name": "FORSENDELSESPOSER", "underline": "10 STK. / 28X38 CM", "age_limit": null, "hazard_precaution_statements": [], "labels": [], "description": null, "info": "", "images": [{"small": "https://rema-product-images.digital.rema1000.dk/780579/1-small-Gb9kQmzDo7.webp", "medium": "https://rema-product-images.digital.rema1000.dk/780579/1-medium-Gb9kQmzDo7.webp", "large": "https://rema-product-images.digital.rema1000.dk/780579/1-large-Gb9kQmzDo7.webp"}], "prices": [{"price": 15, "price_over_max_quantity": null, "max_quantity": null, "is_advertised": false, "is_campaign": false, "starting_at": "2024-10-23T00:00:00+00:00", "ending_at": "2099-12-31T00:00:00+00:00", "deposit": null, "compare_unit": "stk", "compare_unit_price": 1.5, "consumption_unit": null, "consumption_quantity": null}], "temperature_zone": null, "is_self_scale_item": false, "is_weight_item": false, "is_available_in_all_stores": true, "is_batch_item": false}
{"id": 780616, "name": "A5 STANDARDBLOK", "underline": "1 STK.", "age_limit": null, "hazard_precaution_statements": [], "labels": [], "description": null, "info": "", "images": [{"small": "https://rema-product-images.digital.rema1000.dk/780616/1-small-6xqA131RqD.webp", "medium": "https://rema-product-images.digital.rema1000.dk/780616/1-medium-6xqA131RqD.webp", "large": "https://rema-product-images.digital.rema1000.dk/780616/1-large-6xqA131RqD.webp"}], "prices": [{"price": 11.95, "price_over_max_quantity": null, "max_quantity": null, "is_advertised": false, "is_campaign": false, "starting_at": "2022-04-21T00:00:00+00:00", "ending_at": "2099-12-31T00:00:00+00:00", "deposit": null, "compare_unit": "stk", "compare_unit_price": 11.95, "consumption_unit": null, "consumption_quantity": null}], "temperature_zone": null, "is_self_scale_item": false, "is_weight_item": false, "is_available_in_all_stores": true, "is_batch_item": false}
{"id": 780643, "name": "C6 KUVERTER", "underline": "50 STK. / SELVKLÆBENDE", "age_limit": null, "hazard_precaution_statements": [], "labels": [], "description": null, "info": "", "images": [{"small": "https://rema-product-images.digital.rema1000.dk/780643/1-small-dyomyYyBoV.webp", "medium": "https://rema-product-images.digital.rema1000.dk/780643/1-medium-dyomyYyBoV.webp", "large": "https://rema-product-images.digital.rema1000.dk/780643/1-large-dyomyYyBoV.webp"}], "prices": [{"price": 15, "price_over_max_quantity": null, "max_quantity": null, "is_advertised": false, "is_campaign": false, "starting_at": "2014-11-10T00:00:00+00:00", "ending_at": "2099-12-31T00:00:00+00:00", "deposit": null, "compare_unit": "stk", "compare_unit_price": 0.3, "consumption_unit": null, "consumption_quantity": null}], "temperature_zone": null, "is_self_scale_item": false, "is_weight_item": false, "is_available_in_all_stores": true, "is_batch_item": false}
{"id": 780664, "name": "C5 KUVERTER", "underline": "20 STK. / SELVKLÆBENDE", "age_limit": null, "hazard_precaution_statements": [], "labels": [], "description": null, "info": "", "images": [{"small": "https://rema-product-images.digital.rema1000.dk/780664/1-small-AKqeA8G2qp.webp", "medium": "https://rema-product-images.digital.rema1000.dk/780664/1-medium-AKqeA8G2qp.webp", "large": "https://rema-product-images.digital.rema1000.dk/780664/1-large-AKqeA8G2qp.webp"}], "prices": [{"price": 15, "price_over_max_quantity": null, "max_quantity": null, "is_advertised": false, "is_campaign": false, "starting_at": "2015-06-25T00:00:00+00:00", "ending_at": "2099-12-31T00:00:00+00:00", "deposit": null, "compare_unit": "stk", "compare_unit_price": 0.75, "consumption_unit": null, "consumption_quantity": null}], "temperature_zone": null, "is_self_scale_item": false, "is_weight_item": false, "is_available_in_all_stores": true, "is_batch_item": false}
{"id": 780750, "name": "UNIVERSALLIM", "underline": "40 ML. / DANA LIM", "age_limit": null, "hazard_precaution_statements": ["Meget brandfarlig væske og damp.", "Forårsager alvorlig øjenirritation.", "Kan forårsage sløvhed eller svimmelhed.", "Skadelig for vandlevende organismer, med langvarige virkninger.", "Hvis der er brug for lægehjælp, medbring da beholderen eller etiketten.", "Opbevares utilgængeligt for børn.", "Holdes væk fra varme, varme overflader, gnister, åben ild og andre antændelseskilder. Rygning forbudt.", "Brug kun udendørs eller i et rum med god udluftning.", "VED KONTAKT MED ØJNENE: Skyl forsigtigt med vand i flere minutter. Fjern eventuelle kontaktlinser, hvis dette kan gøres let. Fortsæt skylning.", "Indholdet/beholderen bortskaffes i henhold til lokale affaldsregulativer.", "Gentagen kontakt kan give tør eller revnet hud."], "labels": [], "description": null, "info": "", "images": [{"small": "https://rema-product-images.digital.rema1000.dk/780750/1-small-vVordA3B93.webp", "medium": "https://rema-product-images.digital.rema1000.dk/780750/1-medium-vVordA3B93.webp", "large": "https://rema-product-images.digital.rema1000.dk/780750/1-large-vVordA3B93.webp"}], "prices": [{"price": 19.95, "price_over_max_quantity": null, "max_quantity": null, "is_advertised": false, "is_campaign": false, "starting_at": "2022-01-20T00:00:00+00:00", "ending_at": "2099-12-31T00:00:00+00:00", "deposit": null, "compare_unit": "ltr", "compare_unit_price": 498.75, "consumption_unit": null, "consumption_quantity": null}], "temperature_zone": null, "is_self_scale_item": false, "is_weight_item": false, "is_available_in_all_stores": true, "is_batch_item": false}
{"id": 780759, "name": "CANON KOPIPAPIR", "underline": "500 STK. / A4 HVID", "age_limit": null, "hazard_precaution_statements": [], "labels": [{"id": 42, "name": "Svanemærket", "image": "https://static-assets.digital.rema1000.dk/product/labels/42-64.webp"}, {"id": 57, "name": "Ecolabel", "image": "https://static-assets.digital.rema1000.dk/product/labels/57-64.webp"}], "description": null, "info": "", "images": [{"small": "https://rema-product-images.digital.rema1000.dk/780759/1-small-KpqRz0l1qL.webp", "medium": "https://rema-product-images.digital.rema1000.dk/780759/1-medium-KpqRz0l1qL.webp", "large": "https://rema-product-images.digital.rema1000.dk/780759/1-large-KpqRz0l1qL.webp"}], "prices": [{"price": 42.95, "price_over_max_quantity": null, "max_quantity": null, "is_advertised": false, "is_campaign": false, "starting_at": "2023-11-30T00:00:00+00:00", "ending_at": "2099-12-31T00:00:00+00:00", "deposit": null, "compare_unit": "stk", "compare_unit_price": 0.09, "consumption_unit": null, "consumption_quantity": null}], "temperature_zone": null, "is_self_scale_item": false, "is_weight_item": false, "is_available_in_all_stores": true, "is_batch_item": false}
{"id": 780794, "name": "LOCTITE SUPER GLUE", "underline": "5 GR. / SEKUND LIM", "age_limit": null, "hazard_precaution_statements": ["Forårsager hudirritation.", "Forårsager alvorlig øjenirritation.", "Kan forårsage irritation af luftvejene."], "labels": [], "description": null, "info": "", "images": [{"small": "https://rema-product-images.digital.rema1000.dk/780794/1-small-vVordANB93.webp", "medium": "https://rema-product-images.digital.rema1000.dk/780794/1-medium-vVordANB93.webp", "large": "https://rema-product-images.digital.rema1000.dk/780794/1-large-vVordANB93.webp"}], "prices": [{"price": 31.95, "price_over_max_quantity": null, "max_quantity": null, "is_advertised": false, "is_campaign": false, "starting_at": "2022-11-17T00:00:00+00:00", "ending_at": "2099-12-31T00:00:00+00:00", "deposit": null, "compare_unit": "kg", "compare_unit_price": 6390, "consumption_unit": null, "consumption_quantity": null}], "temperature_zone": null, "is_self_scale_item": false, "is_weight_item": false, "is_available_in_all_stores": true, "is_batch_item": false}
{"id": 780909, "name": "KONTAKTLIM", "underline": "40 ML. / DANA LIM", "age_limit": null, "hazard_precaution_statements": ["Meget brandfarlig væske og damp.", "Forårsager alvorlig øjenirritation.", "Kan forårsage sløvhed eller svimmelhed.", "Forårsager hudirritation.", "Kan forårsage irritation af luftvejene.", "Kan forårsage organskader ved længerevarende eller gentagen eksponering.", "Giftig for vandlevende organismer, med langvarige virkninger.", "Hvis der er brug for lægehjælp, medbring da beholderen eller etiketten.", "Opbevares utilgængeligt for børn.", "Holdes væk fra varme, varme overflader, gnister, åben ild og andre antændelseskilder. Rygning forbudt.", "Brug kun udendørs eller i et rum med god udluftning.", "VED KONTAKT MED ØJNENE: Skyl forsigtigt med vand i flere minutter. Fjern eventuelle kontaktlinser, hvis dette kan gøres let. Fortsæt skylning.", "Opbevares på et godt ventileret sted. Hold beholderen tæt lukket.", "Produktet indeholder lavtkogende væsker, der absorberer dårligt på kulfiltre. Såfremt der anvendes åndedrætsværn, skal dette være luftforsynet. Indeholder Kolophonium, disulfiram. Kan udløse allergisk reaktion"], "labels": [], "description": null, "info": "", "images": [{"small": "https://rema-product-images.digital.rema1000.dk/780909/1-small-aboKGd4wop.webp", "medium": "https://rema-product-images.digital.rema1000.dk/780909/1-medium-aboKGd4wop.webp", "large": "https://rema-product-images.digital.rema1000.dk/780909/1-large-aboKGd4wop.webp"}], "prices": [{"price": 19.95, "price_over_max_quantity": null, "max_quantity": null, "is_advertised": false, "is_campaign": false, "starting_at": "2022-01-20T00:00:00+00:00", "ending_at": "2099-12-31T00:00:00+00:00", "deposit": null, "compare_unit": "ltr", "compare_unit_price": 498.75, "consumption_unit": null, "consumption_quantity": null}], "temperature_zone": null, "is_self_scale_item": false, "is_weight_item": false, "is_available_in_all_stores": true, "is_batch_item": false}
{"id": 780910, "name": "HÆNGELÅS MED KODE", "underline": "1 STK.", "age_limit": null, "hazard_precaution_statements": [], "labels": [], "description": null, "info": "", "images": [{"small": "https://rema-product-images.digital.rema1000.dk/780910/1-small-Al90VKbko8.webp", "medium": "https://rema-product-images.digital.rema1000.dk/780910/1-medium-Al90VKbko8.webp", "large": "https://rema-product-images.digital.rema1000.dk/780910/1-large-Al90VKbko8.webp"}], "prices": [{"price": 19, "price_over_max_quantity": null, "max_quantity": null, "is_advertised": false, "is_campaign": false, "starting_at": "2024-04-22T00:00:00+00:00", "ending_at": "2099-12-31T00:00:00+00:00", "deposit": null, "compare_unit": "stk", "compare_unit_price": 19, "consumption_unit": null, "consumption_quantity": null}], "temperature_zone": null, "is_self_scale_item": false, "is_weight_item": false, "is_available_in_all_stores": true, "is_batch_item": false}
{"id": 780959, "name": "LIMSTIFT", "underline": "20 GR. / DANA LIM", "age_limit": null, "hazard_precaution_statements": [], "labels": [], "description": "Anvendelse: pap, papir, karton, foto", "info": "", "images": [{"small": "https://rema-product-images.digital.rema1000.dk/780959/1-small-KpqRz0ZXqL.webp", "medium": "https://rema-product-images.digital.rema1000.dk/780959/1-medium-KpqRz0ZXqL.webp", "large": "https://rema-product-images.digital.rema1000.dk/780959/1-large-KpqRz0ZXqL.webp"}], "prices": [{"price": 11.95, "price_over_max_quantity": null, "max_quantity": null, "is_advertised": false, "is_campaign": false, "starting_at": "2022-01-20T00:00:00+00:00", "ending_at": "2099-12-31T00:00:00+00:00", "deposit": null, "compare_unit": "kg", "compare_unit_price": 597.5, "consumption_unit": null, "consumption_quantity": null}], "temperature_zone": null, "is_self_scale_item": false, "is_weight_item": false, "is_available_in_all_stores": true, "is_batch_item": false}
{"id": 780976, "name": "TREKANTEDE BLYANTER", "underline": "3 STK. / STAEDTLER", "age_limit": null, "hazard_precaution_statements": [], "labels": [], "description": null, "info": "", "images": [{"small": "https://rema-product-images.digital.rema1000.dk/780976/1-small-nDPWD7ZOoW.webp", "medium": "https://rema-product-images.digital.rema1000.dk/780976/1-medium-nDPWD7ZOoW.webp", "large": "https://rema-product-images.digital.rema1000.dk/780976/1-large-nDPWD7ZOoW.webp"}], "prices": [{"price": 17.95, "price_over_max_quantity": null, "max_quantity": null, "is_advertised": false, "is_campaign": false, "starting_at": "2024-04-04T00:00:00+00:00", "ending_at": "2099-12-31T00:00:00+00:00", "deposit": null, "compare_unit": "stk", "compare_unit_price": 5.98, "consumption_unit": null, "consumption_quantity": null}], "temperature_zone": null, "is_self_scale_item": false, "is_weight_item": false, "is_available_in_all_stores": true, "is_batch_item": false}
{"id": 780979, "name": "SPILLEKORT", "underline": "1 SÆT", "age_limit": null, "hazard_precaution_statements": [], "labels": [], "description": "56 stk. spillekort opdelt i fire kulører på hver 13 kort: Spar, hjerter, klør og ruder, samt 4 jokere. Kortene har numre i alle 4 hjørner.", "info": "", "images": [{"small": "https://rema-product-images.digital.rema1000.dk/780979/1-small-Gb9kQmXro7.webp", "medium": "https://rema-product-images.digital.rema1000.dk/780979/1-medium-Gb9kQmXro7.webp", "large": "https://rema-product-images.digital.rema1000.dk/780979/1-large-Gb9kQmXro7.webp"}], "prices": [{"price": 10, "price_over_max_quantity": null, "max_quantity": null, "is_advertised": false, "is_campaign": false, "starting_at": "2018-04-04T00:00:00+00:00", "ending_at": "2099-12-31T00:00:00+00:00", "deposit": null, "compare_unit": "sæt", "compare_unit_price": 10, "consumption_unit": null, "consumption_quantity": null}], "temperature_zone": null, "is_self_scale_item": false, "is_weight_item": false, "is_available_in_all_stores": true, "is_batch_item": false}
{"id": 780982, "name": "VISKELÆDER", "underline": "2 STK. / STAEDTLER RASOPLAST", "age_limit": null, "hazard_precaution_statements": [], "labels": [], "description": null, "info": "", "images": [{"small": "https://rema-product-images.digital.rema1000.dk/780982/1-small-MBoN6jy5ov.webp", "medium": "https://rema-product-images.digital.rema1000.dk/780982/1-medium-MBoN6jy5ov.webp", "large": "https://rema-product-images.digital.rema1000.dk/780982/1-large-MBoN6jy5ov.webp"}], "prices": [{"price": 21.5, "price_over_max_quantity": null, "max_quantity": null, "is_advertised": false, "is_campaign": false, "starting_at": "2023-01-02T00:00:00+00:00", "ending_at": "2099-12-31T00:00:00+00:00", "deposit": null, "compare_unit": "stk", "compare_unit_price": 10.75, "consumption_unit": null, "consumption_quantity": null}], "temperature_zone": null, "is_self_scale_item": false, "is_weight_item": false, "is_available_in_all_stores": true, "is_batch_item": false}
{"id": 780984, "name": "KUGLEPENNE", "underline": "6 STK. / STAEDTLER", "age_limit": null, "hazard_precaution_statements": [], "labels": [], "description": null, "info": "", "images": [{"small": "https://rema-product-images.digital.rema1000.dk/780984/1-small-rQqQzda29e.webp", "medium": "https://rema-product-images.digital.rema1000.dk/780984/1-medium-rQqQzda29e.webp", "large": "https://rema-product-images.digital.rema1000.dk/780984/1-large-rQqQzda29e.webp"}], "prices": [{"price": 22.95, "price_over_max_quantity": null, "max_quantity": null, "is_advertised": false, "is_campaign": false, "starting_at": "2023-01-02T00:00:00+00:00", "ending_at": "2099-12-31T00:00:00+00:00", "deposit": null, "compare_unit": "stk", "compare_unit_price": 3.83, "consumption_unit": null, "consumption_quantity": null}], "temperature_zone": null, "is_self_scale_item": false, "is_weight_item": false, "is_available_in_all_stores": true, "is_batch_item": false}
{"id": 781018, "name": "GUMMI ELASTIKKER", "underline": "100 GR.", "age_limit": null, "hazard_precaution_statements": [], "labels": [], "description": null, "info": "", "images": [{"small": "https://rema-product-images.digital.rema1000.dk/781018/1-small-2B94a088Pk.webp", "medium": "https://rema-product-images.digital.rema1000.dk/781018/1-medium-2B94a088Pk.webp", "large": "https://rema-product-images.digital.rema1000.dk/781018/1-large-2B94a088Pk.webp"}], "prices": [{"price": 10, "price_over_max_quantity": null, "max_quantity": null, "is_advertised": false, "is_campaign": false, "starting_at": "2018-07-02T00:00:00+00:00", "ending_at": "2099-12-31T00:00:00+00:00", "deposit": null, "compare_unit": "kg", "compare_unit_price": 100, "consumption_unit": null, "consumption_quantity": null}], "temperature_zone": null, "is_self_scale_item": false, "is_weight_item": false, "is_available_in_all_stores": true, "is_batch_item": false}
{"id": 781023, "name": "GEL PEN", "underline": "2 STK. / ERASABLE", "age_limit": null, "hazard_precaution_statements": [], "labels": [], "description": null, "info": "", "images": [{"small": "https://rema-product-images.digital.rema1000.dk/781023/1-small-MNqZVle1qA.webp", "medium": "https://rema-product-images.digital.rema1000.dk/781023/1-medium-MNqZVle1qA.webp", "large": "https://rema-product-images.digital.rema1000.dk/781023/1-large-MNqZVle1qA.webp"}], "prices": [{"price": 20, "price_over_max_quantity": null, "max_quantity": null, "is_advertised": false, "is_campaign": false, "starting_at": "2022-12-08T00:00:00+00:00", "ending_at": "2099-12-31T00:00:00+00:00", "deposit": null, "compare_unit": "stk", "compare_unit_price": 10, "consumption_unit": null, "consumption_quantity": null}], "temperature_zone": null, "is_self_scale_item": false, "is_weight_item": false, "is_available_in_all_stores": true, "is_batch_item": false}
{"id": 781038, "name": "LABELS", "underline": "1 STK. / SELVKLÆBENDE", "age_limit": null, "hazard_precaution_statements": [], "labels": [], "description": "315 stk. 32x21 mm 32 stk. 50x80 mm 10 stk. 100x80 mm", "info": "", "images": [{"small": "https://rema-product-images.digital.rema1000.dk/781038/1-small-MBoN6jbWov.webp", "medium": "https://rema-product-images.digital.rema1000.dk/781038/1-medium-MBoN6jbWov.webp", "large": "https://rema-product-images.digital.rema1000.dk/781038/1-large-MBoN6jbWov.webp"}], "prices": [{"price": 15, "price_over_max_quantity": null, "max_quantity": null, "is_advertised": false, "is_campaign": false, "starting_at": "2018-10-05T00:00:00+00:00", "ending_at": "2099-12-31T00:00:00+00:00", "deposit": null, "compare_unit": "stk", "compare_unit_price": 15, "consumption_unit": null, "consumption_quantity": null}], "temperature_zone": null, "is_self_scale_item": false, "is_weight_item": false, "is_available_in_all_stores": true, "is_batch_item": false}
{"id": 781044, "name": "GAFFATAPE", "underline": "50 MTR.", "age_limit": null, "hazard_precaution_statements": [], "labels": [], "description": null, "info": "", "images": [{"small": "https://rema-product-images.digital.rema1000.dk/781044/1-small-xePwmng7qw.webp", "medium": "https://rema-product-images.digital.rema1000.dk/781044/1-medium-xePwmng7qw.webp", "large": "https://rema-product-images.digital.rema1000.dk/781044/1-large-xePwmng7qw.webp"}], "prices": [{"price": 32.95, "price_over_max_quantity": null, "max_quantity": null, "is_advertised": false, "is_campaign": false, "starting_at": "2021-07-08T00:00:00+00:00", "ending_at": "2099-12-31T00:00:00+00:00", "deposit": null, "compare_unit": "mtr", "compare_unit_price": 0.66, "consumption_unit": null, "consumption_quantity": null}], "temperature_zone": null, "is_self_scale_item": false, "is_weight_item": false, "is_available_in_all_stores": true, "is_batch_item": false}
{"id": 781050, "name": "TAPERULLER", "underline": "2 STK. / 18MM X 33M", "age_limit": null, "hazard_precaution_statements": [], "labels": [], "description": null, "info": "", "images": [{"small": "https://rema-product-images.digital.rema1000.dk/781050/1-small-vVordAn893.webp", "medium": "https://rema-product-images.digital.rema1000.dk/781050/1-medium-vVordAn893.webp", "large": "https://rema-product-images.digital.rema1000.dk/781050/1-large-vVordAn893.webp"}], "prices": [{"price": 10, "price_over_max_quantity": null, "max_quantity": null, "is_advertised": false, "is_campaign": false, "starting_at": "2018-05-07T00:00:00+00:00", "ending_at": "2099-12-31T00:00:00+00:00", "deposit": null, "compare_unit": "stk", "compare_unit_price": 5, "consumption_unit": null, "consumption_quantity": null}], "temperature_zone": null, "is_self_scale_item": false, "is_weight_item": false, "is_available_in_all_stores": true, "is_batch_item": false}
{"id": 781051, "name": "TAPEDISPENSER", "underline": "1 STK. / INKL. TAPERULLE 18MM X 33M", "age_limit": null, "hazard_precaution_statements": [], "labels": [], "description": null, "info": "", "images": [{"small": "https://rema-product-images.digital.rema1000.dk/781051/1-small-v09gJzDzqA.webp", "medium": "https://rema-product-images.digital.rema1000.dk/781051/1-medium-v09gJzDzqA.webp", "large": "https://rema-product-images.digital.rema1000.dk/781051/1-large-v09gJzDzqA.webp"}], "prices": [{"price": 10, "price_over_max_quantity": null, "max_quantity": null, "is_advertised": false, "is_campaign": false, "starting_at": "2018-05-07T00:00:00+00:00", "ending_at": "2099-12-31T00:00:00+00:00", "deposit": null, "compare_unit": "stk", "compare_unit_price": 10, "consumption_unit": null, "consumption_quantity": null}], "temperature_zone": null, "is_self_scale_item": false, "is_weight_item": false, "is_available_in_all_stores": true, "is_batch_item": false}
{"id": 781052, "name": "ELEFANTSNOT", "underline": "50 GR. / HVIDE TERN", "age_limit": null, "hazard_precaution_statements": [], "labels": [], "description": null, "info": "", "images": [{"small": "https://rema-product-images.digital.rema1000.dk/781052/1-small-NpP7pjZDoO.webp", "medium": "https://rema-product-images.digital.rema1000.dk/781052/1-medium-NpP7pjZDoO.webp", "large": "https://rema-product-images.digital.rema1000.dk/781052/1-large-NpP7pjZDoO.webp"}], "prices": [{"price": 10, "price_over_max_quantity": null, "max_quantity": null, "is_advertised": false, "is_campaign": false, "starting_at": "2018-05-07T00:00:00+00:00", "ending_at": "2099-12-31T00:00:00+00:00", "deposit": null, "compare_unit": "kg", "compare_unit_price": 200, "consumption_unit": null, "consumption_quantity": null}], "temperature_zone": null, "is_self_scale_item": false, "is_weight_item": false, "is_available_in_all_stores": true, "is_batch_item": false}
{"id": 781053, "name": "MEMO NOTES", "underline": "1 SÆT", "age_limit": null, "hazard_precaution_statements": [], "labels": [], "description": null, "info": "", "images": [{"small": "https://rema-product-images.digital.rema1000.dk/781053/1-small-aboKGd3Gop.webp", "medium": "https://rema-product-images.digital.rema1000.dk/781053/1-medium-aboKGd3Gop.webp", "large": "https://rema-product-images.digital.rema1000.dk/781053/1-large-aboKGd3Gop.webp"}], "prices": [{"price": 10, "price_over_max_quantity": null, "max_quantity": null, "is_advertised": false, "is_campaign": false, "starting_at": "2018-05-07T00:00:00+00:00", "ending_at": "2099-12-31T00:00:00+00:00", "deposit": null, "compare_unit": "sæt", "compare_unit_price": 10, "consumption_unit": null, "consumption_quantity": null}], "temperature_zone": null, "is_self_scale_item": false, "is_weight_item": false, "is_available_in_all_stores": true, "is_batch_item": false}
{"id": 781080, "name": "FARVEBLYANTER", "underline": "6 STK. / STAEDTLER TREKANTEDE", "age_limit": null, "hazard_precaution_statements": [], "labels": [], "description": null, "info": "", "images": [{"small": "https://rema-product-images.digital.rema1000.dk/781080/1-small-7doL6Q3W96.webp", "medium": "https://rema-product-images.digital.rema1000.dk/781080/1-medium-7doL6Q3W96.webp", "large": "https://rema-product-images.digital.rema1000.dk/781080/1-large-7doL6Q3W96.webp"}], "prices": [{"price": 15.95, "price_over_max_quantity": null, "max_quantity": null, "is_advertised": false, "is_campaign": false, "starting_at": "2023-01-02T00:00:00+00:00", "ending_at": "2099-12-31T00:00:00+00:00", "deposit": null, "compare_unit": "stk", "compare_unit_price": 2.66, "consumption_unit": null, "consumption_quantity": null}], "temperature_zone": null, "is_self_scale_item": false, "is_weight_item": false, "is_available_in_all_stores": true, "is_batch_item": false}
{"id": 781097, "name": "KABEL 1 MTR LEDNING", "underline": "1 STK. / LADE- OG SYNKRONISERING", "age_limit": null, "hazard_precaution_statements": [], "labels": [], "description": null, "info": "", "images": [{"small": "https://rema-product-images.digital.rema1000.dk/781097/1-small-aboKGdDGop.webp", "medium": "https://rema-product-images.digital.rema1000.dk/781097/1-medium-aboKGdDGop.webp", "large": "https://rema-product-images.digital.rema1000.dk/781097/1-large-aboKGdDGop.webp"}], "prices": [{"price": 25, "price_over_max_quantity": null, "max_quantity": null, "is_advertised": false, "is_campaign": false, "starting_at": "2021-10-28T00:00:00+00:00", "ending_at": "2025-09-13T00:00:00+00:00", "deposit": null, "compare_unit": "stk", "compare_unit_price": 25, "consumption_unit": null, "consumption_quantity": null}], "temperature_zone": null, "is_self_scale_item": false, "is_weight_item": false, "is_available_in_all_stores": true, "is_batch_item": false}
{"id": 781162, "name": "BLYANTSPIDSER", "underline": "1 STK. / STAEDTLER STORE/SMÅ BLYANTER", "age_limit": null, "hazard_precaution_statements": [], "labels": [], "description": null, "info": "", "images": [{"small": "https://rema-product-images.digital.rema1000.dk/781162/1-small-2B94a0Q6Pk.webp", "medium": "https://rema-product-images.digital.rema1000.dk/781162/1-medium-2B94a0Q6Pk.webp", "large": "https://rema-product-images.digital.rema1000.dk/781162/1-large-2B94a0Q6Pk.webp"}], "prices": [{"price": 22.95, "price_over_max_quantity": null, "max_quantity": null, "is_advertised": false, "is_campaign": false, "starting_at": "2024-04-04T00:00:00+00:00", "ending_at": "2099-12-31T00:00:00+00:00", "deposit": null, "compare_unit": "stk", "compare_unit_price": 22.95, "consumption_unit": null, "consumption_quantity": null}], "temperature_zone": null, "is_self_scale_item": false, "is_weight_item": false, "is_available_in_all_stores": true, "is_batch_item": false}
{"id": 781532, "name": "LADEKABEL", "underline": "1 STK. / USB A TIL IPHONE 3 METER", "age_limit": null, "hazard_precaution_statements": [], "labels": [], "description": null, "info": "", "images": [{"small": "https://rema-product-images.digital.rema1000.dk/781532/1-small-nDPWD7dVoW.webp", "medium": "https://rema-product-images.digital.rema1000.dk/781532/1-medium-nDPWD7dVoW.webp", "large": "https://rema-product-images.digital.rema1000.dk/781532/1-large-nDPWD7dVoW.webp"}], "prices": [{"price": 30, "price_over_max_quantity": null, "max_quantity": null, "is_advertised": false, "is_campaign": false, "starting_at": "2024-11-26T00:00:00+00:00", "ending_at": "2025-09-13T00:00:00+00:00", "deposit": null, "compare_unit": "stk", "compare_unit_price": 30, "consumption_unit": null, "consumption_quantity": null}], "temperature_zone": null, "is_self_scale_item": false, "is_weight_item": false, "is_available_in_all_stores": true, "is_batch_item": false}
{"id": 781535, "name": "LADEKABEL 2 MTR", "underline": "1 STK. / USB-C TIL IPHONE, HVID", "age_limit": null, "hazard_precaution_statements": [], "labels": [], "description": null, "info": "", "images": [{"small": "https://rema-product-images.digital.rema1000.dk/781535/1-small-Gb9kQmkmo7.webp", "medium": "https://rema-product-images.digital.rema1000.dk/781535/1-medium-Gb9kQmkmo7.webp", "large": "https://rema-product-images.digital.rema1000.dk/781535/1-large-Gb9kQmkmo7.webp"}], "prices": [{"price": 25, "price_over_max_quantity": null, "max_quantity": null, "is_advertised": false, "is_campaign": false, "starting_at": "2024-11-27T00:00:00+00:00", "ending_at": "2025-09-13T00:00:00+00:00", "deposit": null, "compare_unit": "stk", "compare_unit_price": 25, "consumption_unit": null, "consumption_quantity": null}], "temperature_zone": null, "is_self_scale_item": false, "is_weight_item": false, "is_available_in_all_stores": true, "is_batch_item": false}
{"id": 781536, "name": "LADEKABEL 2 METER", "underline": "1 STK. / USB-C TIL USB-C, HVID", "age_limit": null, "hazard_precaution_statements": [], "labels": [], "description": null, "info": "", "images": [{"small": "https://rema-product-images.digital.rema1000.dk/781536/1-small-7doL6QbK96.webp", "medium": "https://rema-product-images.digital.rema1000.dk/781536/1-medium-7doL6QbK96.webp", "large": "https://rema-product-images.digital.rema1000.dk/781536/1-large-7doL6QbK96.webp"}], "prices": [{"price": 25, "price_over_max_quantity": null, "max_quantity": null, "is_advertised": false, "is_campaign": false, "starting_at": "2024-11-27T00:00:00+00:00", "ending_at": "2025-09-13T00:00:00+00:00", "deposit": null, "compare_unit": "stk", "compare_unit_price": 25, "consumption_unit": null, "consumption_quantity": null}], "temperature_zone": null, "is_self_scale_item": false, "is_weight_item": false, "is_available_in_all_stores": true, "is_batch_item": false}
{"id": 782011, "name": "TUSSER", "underline": "12 STK. / STAEDTLER PAP-ETUI", "age_limit": null, "hazard_precaution_statements": [], "labels": [], "description": null, "info": "", "images": [{"small": "https://rema-product-images.digital.rema1000.dk/782011/1-small-A5qV0lGwPa.webp", "medium": "https://rema-product-images.digital.rema1000.dk/782011/1-medium-A5qV0lGwPa.webp", "large": "https://rema-product-images.digital.rema1000.dk/782011/1-large-A5qV0lGwPa.webp"}], "prices": [{"price": 22.95, "price_over_max_quantity": null, "max_quantity": null, "is_advertised": false, "is_campaign": false, "starting_at": "2024-04-04T00:00:00+00:00", "ending_at": "2099-12-31T00:00:00+00:00", "deposit": null, "compare_unit": "stk", "compare_unit_price": 1.91, "consumption_unit": null, "consumption_quantity": null}], "temperature_zone": null, "is_self_scale_item": false, "is_weight_item": false, "is_available_in_all_stores": true, "is_batch_item": false}
{"id": 790145, "name": "FYRFADSLYS", "underline": "20 STK.", "age_limit": null, "hazard_precaution_statements": [], "labels": [{"id": 42, "name": "Svanemærket", "image": "https://static-assets.digital.rema1000.dk/product/labels/42-64.webp"}], "description": null, "info": "", "images": [{"small": "https://rema-product-images.digital.rema1000.dk/790145/1-small-ElPBjdYXPk.webp", "medium": "https://rema-product-images.digital.rema1000.dk/790145/1-medium-ElPBjdYXPk.webp", "large": "https://rema-product-images.digital.rema1000.dk/790145/1-large-ElPBjdYXPk.webp"}], "prices": [{"price": 30, "price_over_max_quantity": null, "max_quantity": null, "is_advertised": false, "is_campaign": false, "starting_at": "2022-10-06T00:00:00+00:00", "ending_at": "2099-12-31T00:00:00+00:00", "deposit": null, "compare_unit": "stk", "compare_unit_price": 1.5, "consumption_unit": null, "consumption_quantity": null}], "temperature_zone": null, "is_self_scale_item": false, "is_weight_item": false, "is_available_in_all_stores": true, "is_batch_item": false}
{"id": 790165, "name": "SLIKPOSER", "underline": "10 STK. / PAPIR", "age_limit": null, "hazard_precaution_statements": [], "labels": [], "description": null, "info": "", "images": [{"small": "https://rema-product-images.digital.rema1000.dk/790165/1-small-bJ9Y0YdXqL.webp", "medium": "https://rema-product-images.digital.rema1000.dk/790165/1-medium-bJ9Y0YdXqL.webp", "large": "https://rema-product-images.digital.rema1000.dk/790165/1-large-bJ9Y0YdXqL.webp"}], "prices": [{"price": 12.95, "price_over_max_quantity": null, "max_quantity": null, "is_advertised": false, "is_campaign": false, "starting_at": "2012-07-09T00:00:00+00:00", "ending_at": "2099-12-31T00:00:00+00:00", "deposit": null, "compare_unit": "stk", "compare_unit_price": 1.3, "consumption_unit": null, "consumption_quantity": null}], "temperature_zone": null, "is_self_scale_item": false, "is_weight_item": false, "is_available_in_all_stores": true, "is_batch_item": false}
{"id": 79018, "name": "MIKROOVN POPCORN", "underline": "300 GR. / REMA 1000", "age_limit": null, "hazard_precaution_statements": [], "labels": [{"id": 2, "name": "REMA1000", "image": "https://static-assets.digital.rema1000.dk/product/labels/2-64.webp"}], "description": "<b>Discount med holdning</b><br />I REMA 1000 har vi fokus på kvalitet til lave priser og overskriften på vores arbejde er Discount med holdning.<br /><br />Vi har en klar holdning til alle de varer, vi sælger. Vi stiller ikke kun krav til kvaliteten af vores egne mærkevarer – det er også vigtigt for os, at emballagerne er designet til genanvendelse, at indholdet er uden problematiske stoffer, og at varerne er produceret ansvarligt samt mærket med tydelige og valide certificeringer.<br /><b> </b><br /><b>Om denne vare</b><br />REMA 1000 MIKROOVN POPCORN med salt er uundværlige til fredagshyggen, filmen, festen - eller bare til dig selv.<br />De varme popcorn er aller lækrest helt nypoppede og smager ekstra godt med lidt smør eller cheddarost på toppen.<br /><br /><b>Tilberedning</b><br />Placer posen med popcorn midt i mikroovnen, og pop popcornene i 1-4 minutter efter anvisning på emballagen.", "info": "", "images": [{"small": "https://rema-product-images.digital.rema1000.dk/79018/1-small-2B94wxrqkM.webp", "medium": "https://rema-product-images.digital.rema1000.dk/79018/1-medium-2B94wxrqkM.webp", "large": "https://rema-product-images.digital.rema1000.dk/79018/1-large-2B94wxrqkM.webp"}], "prices": [{"price": 8.95, "price_over_max_quantity": null, "max_quantity": null, "is_advertised": false, "is_campaign": false, "starting_at": "2022-12-29T00:00:00+00:00", "ending_at": "2099-12-31T00:00:00+00:00", "deposit": null, "compare_unit": "kg", "compare_unit_price": 29.83, "consumption_unit": null, "consumption_quantity": null}], "temperature_zone": null, "is_self_scale_item": false, "is_weight_item": false, "is_available_in_all_stores": true, "is_batch_item": false}
{"id": 790184, "name": "FYRFADSLYS 50 STK.", "underline": "50 STK. / BRÆNDETID 6 TIMER", "age_limit": null, "hazard_precaution_statements": [], "labels": [], "description": null, "info": "", "images": [{"small": "https://rema-product-images.digital.rema1000.dk/790184/1-small-rQqQzbnM9e.webp", "medium": "https://rema-product-images.digital.rema1000.dk/790184/1-medium-rQqQzbnM9e.webp", "large": "https://rema-product-images.digital.rema1000.dk/790184/1-large-rQqQzbnM9e.webp"}], "prices": [{"price": 44.95, "price_over_max_quantity": null, "max_quantity": null, "is_advertised": false, "is_campaign": false, "starting_at": "2023-01-26T00:00:00+00:00", "ending_at": "2099-12-31T00:00:00+00:00", "deposit": null, "compare_unit": "stk", "compare_unit_price": 0.9, "consumption_unit": null, "consumption_quantity": null}], "temperature_zone": null, "is_self_scale_item": false, "is_weight_item": false, "is_available_in_all_stores": true, "is_batch_item": false}
{"id": 790240, "name": "RILLET LED STAGELYS", "underline": "2 STK. / 8 TIMERS TIMER ROSA", "age_limit": null, "hazard_precaution_statements": [], "labels": [], "description": null, "info": "", "images": [{"small": "https://rema-product-images.digital.rema1000.dk/790240/1-small-rQqQzbKv9e.webp", "medium": "https://rema-product-images.digital.rema1000.dk/790240/1-medium-rQqQzbKv9e.webp", "large": "https://rema-product-images.digital.rema1000.dk/790240/1-large-rQqQzbKv9e.webp"}], "prices": [{"price": 39, "price_over_max_quantity": null, "max_quantity": null, "is_advertised": false, "is_campaign": false, "starting_at": "2023-06-19T00:00:00+00:00", "ending_at": "2099-12-31T00:00:00+00:00", "deposit": null, "compare_unit": "stk", "compare_unit_price": 19.5, "consumption_unit": null, "consumption_quantity": null}], "temperature_zone": null, "is_self_scale_item": false, "is_weight_item": false, "is_available_in_all_stores": true, "is_batch_item": false}
{"id": 79030, "name": "POPCORN", "underline": "100 GR. / REMA 1000", "age_limit": null, "hazard_precaution_statements": [], "labels": [{"id": 2, "name": "REMA1000", "image": "https://static-assets.digital.rema1000.dk/product/labels/2-64.webp"}], "description": "<b>Discount med holdning</b><br />I REMA 1000 har vi fokus på kvalitet til lave priser og overskriften på vores arbejde er Discount med holdning.<br /><br />Vi har en klar holdning til alle de varer, vi sælger. Vi stiller ikke kun krav til kvaliteten af vores egne mærkevarer – det er også vigtigt for os, at emballagerne er designet til genanvendelse, at indholdet er uden problematiske stoffer, og at varerne er produceret ansvarligt samt mærket med tydelige og valide certificeringer.<br /><b> </b><br /><b>Om denne vare</b><br />REMA 1000 poppede popcorn med salt er uundværlige til fredagshyggen, filmen, festen - eller bare til dig selv.", "info": "", "images": [{"small": "https://rema-product-images.digital.rema1000.dk/79030/1-small-869DAdBPMa.webp", "medium": "https://rema-product-images.digital.rema1000.dk/79030/1-medium-869DAdBPMa.webp", "large": "https://rema-product-images.digital.rema1000.dk/79030/1-large-869DAdBPMa.webp"}], "prices": [{"price": 6.95, "price_over_max_quantity": null, "max_quantity": null, "is_advertised": false, "is_campaign": false, "starting_at": "2022-12-29T00:00:00+00:00", "ending_at": "2099-12-31T00:00:00+00:00", "deposit": null, "compare_unit": "kg", "compare_unit_price": 69.5, "consumption_unit": null, "consumption_quantity": null}], "temperature_zone": null, "is_self_scale_item": false, "is_weight_item": false, "is_available_in_all_stores": true, "is_batch_item": false}
{"id": 790319, "name": "BLOKLYS CHAMPAGNE", "underline": "1 STK. / 7,8X18 CM", "age_limit": null, "hazard_precaution_statements": [], "labels": [], "description": null, "info": "", "images": [{"small": "https://rema-product-images.digital.rema1000.dk/790319/1-small-rDq6ZkZ2qb.webp", "medium": "https://rema-product-images.digital.rema1000.dk/790319/1-medium-rDq6ZkZ2qb.webp", "large": "https://rema-product-images.digital.rema1000.dk/790319/1-large-rDq6ZkZ2qb.webp"}], "prices": [{"price": 29, "price_over_max_quantity": null, "max_quantity": null, "is_advertised": false, "is_campaign": false, "starting_at": "2021-06-10T00:00:00+00:00", "ending_at": "2099-12-31T00:00:00+00:00", "deposit": null, "compare_unit": "stk", "compare_unit_price": 29, "consumption_unit": null, "consumption_quantity": null}], "temperature_zone": null, "is_self_scale_item": false, "is_weight_item": false, "is_available_in_all_stores": true, "is_batch_item": false}
{"id": 790340, "name": "BLOKLYS REN STEARIN", "underline": "1 STK. / 6X15 CM", "age_limit": null, "hazard_precaution_statements": [], "labels": [{"id": 42, "name": "Svanemærket", "image": "https://static-assets.digital.rema1000.dk/product/labels/42-64.webp"}], "description": null, "info": "", "images": [{"small": "https://rema-product-images.digital.rema1000.dk/790340/1-small-rQqQzbeb9e.webp", "medium": "https://rema-product-images.digital.rema1000.dk/790340/1-medium-rQqQzbeb9e.webp", "large": "https://rema-product-images.digital.rema1000.dk/790340/1-large-rQqQzbeb9e.webp"}], "prices": [{"price": 24, "price_over_max_quantity": null, "max_quantity": null, "is_advertised": false, "is_campaign": false, "starting_at": "2024-04-25T00:00:00+00:00", "ending_at": "2099-12-31T00:00:00+00:00", "deposit": null, "compare_unit": "stk", "compare_unit_price": 24, "consumption_unit": null, "consumption_quantity": null}], "temperature_zone": null, "is_self_scale_item": false, "is_weight_item": false, "is_available_in_all_stores": true, "is_batch_item": false}
{"id": 790356, "name": "SERVIETTER 33X33 CM", "underline": "20 STK. / 3-LAGS, ASSORTEREDE 10", "age_limit": null, "hazard_precaution_statements": [], "labels": [{"id": 42, "name": "Svanemærket", "image": "https://static-assets.digital.rema1000.dk/product/labels/42-64.webp"}], "description": null, "info": "", "images": [{"small": "https://rema-product-images.digital.rema1000.dk/790356/1-small-18oXpd4nok.webp", "medium": "https://rema-product-images.digital.rema1000.dk/790356/1-medium-18oXpd4nok.webp", "large": "https://rema-product-images.digital.rema1000.dk/790356/1-large-18oXpd4nok.webp"}], "prices": [{"price": 10, "price_over_max_quantity": null, "max_quantity": null, "is_advertised": false, "is_campaign": false, "starting_at": "2023-05-11T00:00:00+00:00", "ending_at": "2099-12-31T00:00:00+00:00", "deposit": null, "compare_unit": "stk", "compare_unit_price": 0.5, "consumption_unit": null, "consumption_quantity": null}], "temperature_zone": null, "is_self_scale_item": false, "is_weight_item": false, "is_available_in_all_stores": true, "is_batch_item": false}
{"id": 790466, "name": "BLOKLYS ROSA", "underline": "1 STK. / 5,8X12 CM", "age_limit": null, "hazard_precaution_statements": [], "labels": [], "description": null, "info": "", "images": [{"small": "https://rema-product-images.digital.rema1000.dk/790466/1-small-pyoz4lG39X.webp", "medium": "https://rema-product-images.digital.rema1000.dk/790466/1-medium-pyoz4lG39X.webp", "large": "https://rema-product-images.digital.rema1000.dk/790466/1-large-pyoz4lG39X.webp"}], "prices": [{"price": 12, "price_over_max_quantity": null, "max_quantity": null, "is_advertised": false, "is_campaign": false, "starting_at": "2024-03-21T00:00:00+00:00", "ending_at": "2099-12-31T00:00:00+00:00", "deposit": null, "compare_unit": "stk", "compare_unit_price": 12, "consumption_unit": null, "consumption_quantity": null}], "temperature_zone": null, "is_self_scale_item": false, "is_weight_item": false, "is_available_in_all_stores": true, "is_batch_item": false}
{"id": 790527, "name": "BLOKLYS STØVET GRØN", "underline": "1 STK. / 5,8X12 CM", "age_limit": null, "hazard_precaution_statements": [], "labels": [], "description": null, "info": "", "images": [{"small": "https://rema-product-images.digital.rema1000.dk/790527/1-small-OW9O6b7Nqg.webp", "medium": "https://rema-product-images.digital.rema1000.dk/790527/1-medium-OW9O6b7Nqg.webp", "large": "https://rema-product-images.digital.rema1000.dk/790527/1-large-OW9O6b7Nqg.webp"}], "prices": [{"price": 12, "price_over_max_quantity": null, "max_quantity": null, "is_advertised": false, "is_campaign": false, "starting_at": "2024-03-21T00:00:00+00:00", "ending_at": "2099-12-31T00:00:00+00:00", "deposit": null, "compare_unit": "stk", "compare_unit_price": 12, "consumption_unit": null, "consumption_quantity": null}], "temperature_zone": null, "is_self_scale_item": false, "is_weight_item": false, "is_available_in_all_stores": true, "is_batch_item": false}
{"id": 790531, "name": "BLOKLYS CHINA BLÅ", "underline": "1 STK. / 5,8X12 CM", "age_limit": null, "hazard_precaution_statements": [], "labels": [], "description": null, "info": "", "images": [{"small": "https://rema-product-images.digital.rema1000.dk/790531/1-small-01q2VEaYq7.webp", "medium": "https://rema-product-images.digital.rema1000.dk/790531/1-medium-01q2VEaYq7.webp", "large": "https://rema-product-images.digital.rema1000.dk/790531/1-large-01q2VEaYq7.webp"}], "prices": [{"price": 12, "price_over_max_quantity": null, "max_quantity": null, "is_advertised": false, "is_campaign": false, "starting_at": "2024-03-21T00:00:00+00:00", "ending_at": "2099-12-31T00:00:00+00:00", "deposit": null, "compare_unit": "stk", "compare_unit_price": 12, "consumption_unit": null, "consumption_quantity": null}], "temperature_zone": null, "is_self_scale_item": false, "is_weight_item": false, "is_available_in_all_stores": true, "is_batch_item": false}
{"id": 790543, "name": "PAPIRS FLAG", "underline": "10 STK. / PÅ PIND A5", "age_limit": null, "hazard_precaution_statements": [], "labels": [], "description": null, "info": "", "images": [{"small": "https://rema-product-images.digital.rema1000.dk/790543/1-small-dyomyJdBoV.webp", "medium": "https://rema-product-images.digital.rema1000.dk/790543/1-medium-dyomyJdBoV.webp", "large": "https://rema-product-images.digital.rema1000.dk/790543/1-large-dyomyJdBoV.webp"}], "prices": [{"price": 12, "price_over_max_quantity": null, "max_quantity": null, "is_advertised": false, "is_campaign": false, "starting_at": "2021-09-02T00:00:00+00:00", "ending_at": "2099-12-31T00:00:00+00:00", "deposit": null, "compare_unit": "stk", "compare_unit_price": 1.2, "consumption_unit": null, "consumption_quantity": null}], "temperature_zone": null, "is_self_scale_item": false, "is_weight_item": false, "is_available_in_all_stores": true, "is_batch_item": false}
{"id": 790544, "name": "FLAG GUIRLANDE", "underline": "1 PK. / 5 METER A6", "age_limit": null, "hazard_precaution_statements": [], "labels": [], "description": null, "info": "", "images": [{"small": "https://rema-product-images.digital.rema1000.dk/790544/1-small-xePwmdrOqw.webp", "medium": "https://rema-product-images.digital.rema1000.dk/790544/1-medium-xePwmdrOqw.webp", "large": "https://rema-product-images.digital.rema1000.dk/790544/1-large-xePwmdrOqw.webp"}], "prices": [{"price": 15, "price_over_max_quantity": null, "max_quantity": null, "is_advertised": false, "is_campaign": false, "starting_at": "2018-09-27T00:00:00+00:00", "ending_at": "2099-12-31T00:00:00+00:00", "deposit": null, "compare_unit": "pk", "compare_unit_price": 15, "consumption_unit": null, "consumption_quantity": null}], "temperature_zone": null, "is_self_scale_item": false, "is_weight_item": false, "is_available_in_all_stores": true, "is_batch_item": false}
{"id": 790559, "name": "BLOKLYS HVID", "underline": "1 STK. / REN STEARIN Ø6X12 CM", "age_limit": null, "hazard_precaution_statements": [], "labels": [{"id": 42, "name": "Svanemærket", "image": "https://static-assets.digital.rema1000.dk/product/labels/42-64.webp"}], "description": null, "info": "", "images": [{"small": "https://rema-product-images.digital.rema1000.dk/790559/1-small-KpqRzlNRqL.webp", "medium": "https://rema-product-images.digital.rema1000.dk/790559/1-medium-KpqRzlNRqL.webp", "large": "https://rema-product-images.digital.rema1000.dk/790559/1-large-KpqRzlNRqL.webp"}], "prices": [{"price": 22, "price_over_max_quantity": null, "max_quantity": null, "is_advertised": false, "is_campaign": false, "starting_at": "2025-03-13T00:00:00+00:00", "ending_at": "2099-12-31T00:00:00+00:00", "deposit": null, "compare_unit": "stk", "compare_unit_price": 22, "consumption_unit": null, "consumption_quantity": null}], "temperature_zone": null, "is_self_scale_item": false, "is_weight_item": false, "is_available_in_all_stores": true, "is_batch_item": false}
{"id": 790568, "name": "CYLINDERBLOKLYS", "underline": "1 STK. / Ø6,8X15CM CHAMPAGNE", "age_limit": null, "hazard_precaution_statements": [], "labels": [], "description": null, "info": "", "images": [{"small": "https://rema-product-images.digital.rema1000.dk/790568/1-small-vXodQZGxq3.webp", "medium": "https://rema-product-images.digital.rema1000.dk/790568/1-medium-vXodQZGxq3.webp", "large": "https://rema-product-images.digital.rema1000.dk/790568/1-large-vXodQZGxq3.webp"}], "prices": [{"price": 21, "price_over_max_quantity": null, "max_quantity": null, "is_advertised": false, "is_campaign": false, "starting_at": "2024-03-21T00:00:00+00:00", "ending_at": "2099-12-31T00:00:00+00:00", "deposit": null, "compare_unit": "stk", "compare_unit_price": 21, "consumption_unit": null, "consumption_quantity": null}], "temperature_zone": null, "is_self_scale_item": false, "is_weight_item": false, "is_available_in_all_stores": true, "is_batch_item": false}
{"id": 790571, "name": "BLOKLYS", "underline": "1 STK. / REN STEARIN Ø6,8X12CM HVID", "age_limit": null, "hazard_precaution_statements": [], "labels": [{"id": 42, "name": "Svanemærket", "image": "https://static-assets.digital.rema1000.dk/product/labels/42-64.webp"}], "description": null, "info": "", "images": [{"small": "https://rema-product-images.digital.rema1000.dk/790571/1-small-OW9O6b4Nqg.webp", "medium": "https://rema-product-images.digital.rema1000.dk/790571/1-medium-OW9O6b4Nqg.webp", "large": "https://rema-product-images.digital.rema1000.dk/790571/1-large-OW9O6b4Nqg.webp"}], "prices": [{"price": 26, "price_over_max_quantity": null, "max_quantity": null, "is_advertised": false, "is_campaign": false, "starting_at": "2024-04-25T00:00:00+00:00", "ending_at": "2099-12-31T00:00:00+00:00", "deposit": null, "compare_unit": "stk", "compare_unit_price": 26, "consumption_unit": null, "consumption_quantity": null}], "temperature_zone": null, "is_self_scale_item": false, "is_weight_item": false, "is_available_in_all_stores": true, "is_batch_item": false}
{"id": 790588, "name": "GRAVLYS", "underline": "2 PK.", "age_limit": null, "hazard_precaution_statements": [], "labels": [], "description": null, "info": "", "images": [{"small": "https://rema-product-images.digital.rema1000.dk/790588/1-small-xePwmdQOqw.webp", "medium": "https://rema-product-images.digital.rema1000.dk/790588/1-medium-xePwmdQOqw.webp", "large": "https://rema-product-images.digital.rema1000.dk/790588/1-large-xePwmdQOqw.webp"}], "prices": [{"price": 15, "price_over_max_quantity": null, "max_quantity": null, "is_advertised": false, "is_campaign": false, "starting_at": "2023-07-01T00:00:00+00:00", "ending_at": "2099-12-31T00:00:00+00:00", "deposit": null, "compare_unit": "pk", "compare_unit_price": 7.5, "consumption_unit": null, "consumption_quantity": null}], "temperature_zone": null, "is_self_scale_item": false, "is_weight_item": false, "is_available_in_all_stores": true, "is_batch_item": false}
{"id": 790589, "name": "BLOKLYS Ø5,8X12CM", "underline": "1 STK. / M FLAD TOP", "age_limit": null, "hazard_precaution_statements": [], "labels": [], "description": null, "info": "", "images": [{"small": "https://rema-product-images.digital.rema1000.dk/790589/1-small-ElPBjd3WPk.webp", "medium": "https://rema-product-images.digital.rema1000.dk/790589/1-medium-ElPBjd3WPk.webp", "large": "https://rema-product-images.digital.rema1000.dk/790589/1-large-ElPBjd3WPk.webp"}], "prices": [{"price": 12, "price_over_max_quantity": null, "max_quantity": null, "is_advertised": false, "is_campaign": false, "starting_at": "2024-03-21T00:00:00+00:00", "ending_at": "2099-12-31T00:00:00+00:00", "deposit": null, "compare_unit": "stk", "compare_unit_price": 12, "consumption_unit": null, "consumption_quantity": null}], "temperature_zone": null, "is_self_scale_item": false, "is_weight_item": false, "is_available_in_all_stores": true, "is_batch_item": false}
{"id": 790591, "name": "BLOKLYS Ø6,8X13CM", "underline": "1 STK. / M FLAD TOP", "age_limit": null, "hazard_precaution_statements": [], "labels": [], "description": null, "info": "", "images": [{"small": "https://rema-product-images.digital.rema1000.dk/790591/1-small-3MoMab41o5.webp", "medium": "https://rema-product-images.digital.rema1000.dk/790591/1-medium-3MoMab41o5.webp", "large": "https://rema-product-images.digital.rema1000.dk/790591/1-large-3MoMab41o5.webp"}], "prices": [{"price": 19, "price_over_max_quantity": null, "max_quantity": null, "is_advertised": false, "is_campaign": false, "starting_at": "2022-04-07T00:00:00+00:00", "ending_at": "2099-12-31T00:00:00+00:00", "deposit": null, "compare_unit": "stk", "compare_unit_price": 19, "consumption_unit": null, "consumption_quantity": null}], "temperature_zone": null, "is_self_scale_item": false, "is_weight_item": false, "is_available_in_all_stores": true, "is_batch_item": false}
{"id": 790592, "name": "BLOKLYS 6,8X15CM", "underline": "1 STK. / M/FLAD TOP", "age_limit": null, "hazard_precaution_statements": [], "labels": [], "description": null, "info": "", "images": [{"small": "https://rema-product-images.digital.rema1000.dk/790592/1-small-OJq5V1Xz9p.webp", "medium": "https://rema-product-images.digital.rema1000.dk/790592/1-medium-OJq5V1Xz9p.webp", "large": "https://rema-product-images.digital.rema1000.dk/790592/1-large-OJq5V1Xz9p.webp"}], "prices": [{"price": 21, "price_over_max_quantity": null, "max_quantity": null, "is_advertised": false, "is_campaign": false, "starting_at": "2022-04-07T00:00:00+00:00", "ending_at": "2099-12-31T00:00:00+00:00", "deposit": null, "compare_unit": "stk", "compare_unit_price": 21, "consumption_unit": null, "consumption_quantity": null}], "temperature_zone": null, "is_self_scale_item": false, "is_weight_item": false, "is_available_in_all_stores": true, "is_batch_item": false}
{"id": 790611, "name": "KRONELYS", "underline": "6 STK. / 2,2X24 ROSA", "age_limit": null, "hazard_precaution_statements": [], "labels": [{"id": 42, "name": "Svanemærket", "image": "https://static-assets.digital.rema1000.dk/product/labels/42-64.webp"}], "description": null, "info": "", "images": [{"small": "https://rema-product-images.digital.rema1000.dk/790611/1-small-A5qV0AY3Pa.webp", "medium": "https://rema-product-images.digital.rema1000.dk/790611/1-medium-A5qV0AY3Pa.webp", "large": "https://rema-product-images.digital.rema1000.dk/790611/1-large-A5qV0AY3Pa.webp"}], "prices": [{"price": 39, "price_over_max_quantity": null, "max_quantity": null, "is_advertised": false, "is_campaign": false, "starting_at": "2023-03-16T00:00:00+00:00", "ending_at": "2099-12-31T00:00:00+00:00", "deposit": null, "compare_unit": "stk", "compare_unit_price": 6.5, "consumption_unit": null, "consumption_quantity": null}], "temperature_zone": null, "is_self_scale_item": false, "is_weight_item": false, "is_available_in_all_stores": true, "is_batch_item": false}
{"id": 790620, "name": "KRONELYS 2,2X25 CM", "underline": "2 STK. / MED FLAG", "age_limit": null, "hazard_precaution_statements": [], "labels": [{"id": 42, "name": "Svanemærket", "image": "https://static-assets.digital.rema1000.dk/product/labels/42-64.webp"}], "description": null, "info": "", "images": [{"small": "https://rema-product-images.digital.rema1000.dk/790620/1-small-AKqeAe2Rqp.webp", "medium": "https://rema-product-images.digital.rema1000.dk/790620/1-medium-AKqeAe2Rqp.webp", "large": "https://rema-product-images.digital.rema1000.dk/790620/1-large-AKqeAe2Rqp.webp"}], "prices": [{"price": 22, "price_over_max_quantity": null, "max_quantity": null, "is_advertised": false, "is_campaign": false, "starting_at": "2024-03-21T00:00:00+00:00", "ending_at": "2099-12-31T00:00:00+00:00", "deposit": null, "compare_unit": "stk", "compare_unit_price": 11, "consumption_unit": null, "consumption_quantity": null}], "temperature_zone": null, "is_self_scale_item": false, "is_weight_item": false, "is_available_in_all_stores": true, "is_batch_item": false}
{"id": 790625, "name": "2-PK KRONELYS ROSA", "underline": "2 STK. / 2,2X19CM M/TRYK", "age_limit": null, "hazard_precaution_statements": [], "labels": [{"id": 42, "name": "Svanemærket", "image": "https://static-assets.digital.rema1000.dk/product/labels/42-64.webp"}], "description": null, "info": "", "images": [{"small": "https://rema-product-images.digital.rema1000.dk/790625/1-small-Ea91jD7aPz.webp", "medium": "https://rema-product-images.digital.rema1000.dk/790625/1-medium-Ea91jD7aPz.webp", "large": "https://rema-product-images.digital.rema1000.dk/790625/1-large-Ea91jD7aPz.webp"}], "prices": [{"price": 20, "price_over_max_quantity": null, "max_quantity": null, "is_advertised": false, "is_campaign": false, "starting_at": "2023-06-01T00:00:00+00:00", "ending_at": "2099-12-31T00:00:00+00:00", "deposit": null, "compare_unit": "stk", "compare_unit_price": 10, "consumption_unit": null, "consumption_quantity": null}], "temperature_zone": null, "is_self_scale_item": false, "is_weight_item": false, "is_available_in_all_stores": true, "is_batch_item": false}
{"id": 790626, "name": "2-PK KRONELYS GRØN", "underline": "2 STK. / 2,2X19CM M/TRYK", "age_limit": null, "hazard_precaution_statements": [], "labels": [{"id": 42, "name": "Svanemærket", "image": "https://static-assets.digital.rema1000.dk/product/labels/42-64.webp"}], "description": null, "info": "", "images": [{"small": "https://rema-product-images.digital.rema1000.dk/790626/1-small-kOq3Om0Mq6.webp", "medium": "https://rema-product-images.digital.rema1000.dk/790626/1-medium-kOq3Om0Mq6.webp", "large": "https://rema-product-images.digital.rema1000.dk/790626/1-large-kOq3Om0Mq6.webp"}], "prices": [{"price": 20, "price_over_max_quantity": null, "max_quantity": null, "is_advertised": false, "is_campaign": false, "starting_at": "2023-06-01T00:00:00+00:00", "ending_at": "2099-12-31T00:00:00+00:00", "deposit": null, "compare_unit": "stk", "compare_unit_price": 10, "consumption_unit": null, "consumption_quantity": null}], "temperature_zone": null, "is_self_scale_item": false, "is_weight_item": false, "is_available_in_all_stores": true, "is_batch_item": false}
{"id": 790628, "name": "KRONELYS 2,2X19 CM", "underline": "2 STK. / BLÅ MED EFFEKT", "age_limit": null, "hazard_precaution_statements": [], "labels": [{"id": 42, "name": "Svanemærket", "image": "https://static-assets.digital.rema1000.dk/product/labels/42-64.webp"}], "description": null, "info": "", "images": [{"small": "https://rema-product-images.digital.rema1000.dk/790628/1-small-xyqaQA2pqD.webp", "medium": "https://rema-product-images.digital.rema1000.dk/790628/1-medium-xyqaQA2pqD.webp", "large": "https://rema-product-images.digital.rema1000.dk/790628/1-large-xyqaQA2pqD.webp"}], "prices": [{"price": 20, "price_over_max_quantity": null, "max_quantity": null, "is_advertised": false, "is_campaign": false, "starting_at": "2023-06-01T00:00:00+00:00", "ending_at": "2099-12-31T00:00:00+00:00", "deposit": null, "compare_unit": "stk", "compare_unit_price": 10, "consumption_unit": null, "consumption_quantity": null}], "temperature_zone": null, "is_self_scale_item": false, "is_weight_item": false, "is_available_in_all_stores": true, "is_batch_item": false}
{"id": 79082, "name": "PEANUTS", "underline": "250 GR. / REMA 1000", "age_limit": null, "hazard_precaution_statements": [], "labels": [{"id": 2, "name": "REMA1000", "image": "https://static-assets.digital.rema1000.dk/product/labels/2-64.webp"}], "description": "<b>Discount med holdning</b><br />I REMA 1000 har vi fokus på kvalitet til lave priser og overskriften på vores arbejde er Discount med holdning.<br /><br />Vi har en klar holdning til alle de varer, vi sælger. Vi stiller ikke kun krav til kvaliteten af vores egne mærkevarer – det er også vigtigt for os, at emballagerne er designet til genanvendelse, at indholdet er uden problematiske stoffer, og at varerne er produceret ansvarligt samt mærket med tydelige og valide certificeringer.<br /><br /><b>Om denne vare</b><br />REMA 1000 PEANUTS er en uundgåelig snack, som er let saltet og ristet i olie. Nødderne er nøje udvalgt for at finde den helt perfekte størrelse og smag.<br /><br /><b>Tip</b>: disse peanuts smager også skønt som knasende topping på salater og asiatiske retter.", "info": "", "images": [{"small": "https://rema-product-images.digital.rema1000.dk/79082/1-small-MBoN3dgqvA.webp", "medium": "https://rema-product-images.digital.rema1000.dk/79082/1-medium-MBoN3dgqvA.webp", "large": "https://rema-product-images.digital.rema1000.dk/79082/1-large-MBoN3dgqvA.webp"}], "prices": [{"price": 9.25, "price_over_max_quantity": null, "max_quantity": null, "is_advertised": false, "is_campaign": false, "starting_at": "2023-03-02T00:00:00+00:00", "ending_at": "2099-12-31T00:00:00+00:00", "deposit": null, "compare_unit": "kg", "compare_unit_price": 37, "consumption_unit": null, "consumption_quantity": null}], "temperature_zone": null, "is_self_scale_item": false, "is_weight_item": false, "is_available_in_all_stores": true, "is_batch_item": false}
{"id": 79092, "name": "GL. FLÆSKESVÆR", "underline": "50 GR. / REMA 1000", "age_limit": null, "hazard_precaution_statements": [], "labels": [{"id": 2, "name": "REMA1000", "image": "https://static-assets.digital.rema1000.dk/product/labels/2-64.webp"}], "description": "<b>Discount med holdning</b><br />I REMA 1000 har vi fokus på kvalitet til lave priser og overskriften på vores arbejde er Discount med holdning.<br />  <br />Vi har en klar holdning til alle de varer, vi sælger. Vi stiller ikke kun krav til kvaliteten af vores egne mærkevarer – det er også vigtigt for os, at emballagerne er designet til genanvendelse, at indholdet er uden problematiske stoffer, og at varerne er produceret ansvarligt samt mærket med tydelige og valide certificeringer.<br /><br /><b>Om denne vare</b><br />REMA 1000 gammeldags flæskesvær er en god klassisk snack, lavet på en original opskrift og af gode råvarer, så du får sprøde og salte flæskesvær. Smager skønt, og er helt perfekte i snackskålen til hyggelige sammenkomster.", "info": "", "images": [{"small": "https://rema-product-images.digital.rema1000.dk/79092/1-small-OJq5BLn9pr.webp", "medium": "https://rema-product-images.digital.rema1000.dk/79092/1-medium-OJq5BLn9pr.webp", "large": "https://rema-product-images.digital.rema1000.dk/79092/1-large-OJq5BLn9pr.webp"}], "prices": [{"price": 7.5, "price_over_max_quantity": null, "max_quantity": null, "is_advertised": false, "is_campaign": false, "starting_at": "2022-12-29T00:00:00+00:00", "ending_at": "2099-12-31T00:00:00+00:00", "deposit": null, "compare_unit": "kg", "compare_unit_price": 150, "consumption_unit": null, "consumption_quantity": null}], "temperature_zone": null, "is_self_scale_item": false, "is_weight_item": false, "is_available_in_all_stores": true, "is_batch_item": false}
{"id": 794100, "name": "LAGKAGEFLAG", "underline": "50 STK.", "age_limit": null, "hazard_precaution_statements": [], "labels": [], "description": null, "info": "", "images": [{"small": "https://rema-product-images.digital.rema1000.dk/794100/1-small-xePwmrnKqw.webp", "medium": "https://rema-product-images.digital.rema1000.dk/794100/1-medium-xePwmrnKqw.webp", "large": "https://rema-product-images.digital.rema1000.dk/794100/1-large-xePwmrnKqw.webp"}], "prices": [{"price": 10, "price_over_max_quantity": null, "max_quantity": null, "is_advertised": false, "is_campaign": false, "starting_at": "2006-09-12T00:00:00+00:00", "ending_at": "2099-12-31T00:00:00+00:00", "deposit": null, "compare_unit": "stk", "compare_unit_price": 0.2, "consumption_unit": null, "consumption_quantity": null}], "temperature_zone": null, "is_self_scale_item": false, "is_weight_item": false, "is_available_in_all_stores": true, "is_batch_item": false}
{"id": 794120, "name": "BALLONER", "underline": "20 STK.", "age_limit": null, "hazard_precaution_statements": [], "labels": [], "description": null, "info": "", "images": [{"small": "https://rema-product-images.digital.rema1000.dk/794120/1-small-AKqeAdMMqp.webp", "medium": "https://rema-product-images.digital.rema1000.dk/794120/1-medium-AKqeAdMMqp.webp", "large": "https://rema-product-images.digital.rema1000.dk/794120/1-large-AKqeAdMMqp.webp"}], "prices": [{"price": 12, "price_over_max_quantity": null, "max_quantity": null, "is_advertised": false, "is_campaign": false, "starting_at": "2024-03-07T00:00:00+00:00", "ending_at": "2099-12-31T00:00:00+00:00", "deposit": null, "compare_unit": "stk", "compare_unit_price": 0.6, "consumption_unit": null, "consumption_quantity": null}], "temperature_zone": null, "is_self_scale_item": false, "is_weight_item": false, "is_available_in_all_stores": true, "is_batch_item": false}
{"id": 794141, "name": "KAGELYS", "underline": "24 STK. / RØD OG HVID", "age_limit": null, "hazard_precaution_statements": [], "labels": [], "description": null, "info": "", "images": [{"small": "https://rema-product-images.digital.rema1000.dk/794141/1-small-we9E6xMLPg.webp", "medium": "https://rema-product-images.digital.rema1000.dk/794141/1-medium-we9E6xMLPg.webp", "large": "https://rema-product-images.digital.rema1000.dk/794141/1-large-we9E6xMLPg.webp"}], "prices": [{"price": 7, "price_over_max_quantity": null, "max_quantity": null, "is_advertised": false, "is_campaign": false, "starting_at": "2006-09-12T00:00:00+00:00", "ending_at": "2099-12-31T00:00:00+00:00", "deposit": null, "compare_unit": "stk", "compare_unit_price": 0.29, "consumption_unit": null, "consumption_quantity": null}], "temperature_zone": null, "is_self_scale_item": false, "is_weight_item": false, "is_available_in_all_stores": true, "is_batch_item": false}
{"id": 794146, "name": "GAVEBÅND", "underline": "3 PK. / MED FLAG", "age_limit": null, "hazard_precaution_statements": [], "labels": [], "description": null, "info": "", "images": [{"small": "https://rema-product-images.digital.rema1000.dk/794146/1-small-kAonJGzaox.webp", "medium": "https://rema-product-images.digital.rema1000.dk/794146/1-medium-kAonJGzaox.webp", "large": "https://rema-product-images.digital.rema1000.dk/794146/1-large-kAonJGzaox.webp"}], "prices": [{"price": 9.95, "price_over_max_quantity": null, "max_quantity": null, "is_advertised": false, "is_campaign": false, "starting_at": "2023-08-10T00:00:00+00:00", "ending_at": "2099-12-31T00:00:00+00:00", "deposit": null, "compare_unit": "pk", "compare_unit_price": 3.32, "consumption_unit": null, "consumption_quantity": null}], "temperature_zone": null, "is_self_scale_item": false, "is_weight_item": false, "is_available_in_all_stores": true, "is_batch_item": false}
{"id": 794148, "name": "KAGELYS MULTIFARVET", "underline": "16 STK. / MED HOLDER", "age_limit": null, "hazard_precaution_statements": [], "labels": [], "description": null, "info": "", "images": [{"small": "https://rema-product-images.digital.rema1000.dk/794148/1-small-OJq5VkRK9p.webp", "medium": "https://rema-product-images.digital.rema1000.dk/794148/1-medium-OJq5VkRK9p.webp", "large": "https://rema-product-images.digital.rema1000.dk/794148/1-large-OJq5VkRK9p.webp"}], "prices": [{"price": 15, "price_over_max_quantity": null, "max_quantity": null, "is_advertised": false, "is_campaign": false, "starting_at": "2023-05-16T00:00:00+00:00", "ending_at": "2099-12-31T00:00:00+00:00", "deposit": null, "compare_unit": "stk", "compare_unit_price": 0.94, "consumption_unit": null, "consumption_quantity": null}], "temperature_zone": null, "is_self_scale_item": false, "is_weight_item": false, "is_available_in_all_stores": true, "is_batch_item": false}
{"id": 794149, "name": "KAGELYS MED HOLDER", "underline": "16 STK. / GLIMMER", "age_limit": null, "hazard_precaution_statements": [], "labels": [], "description": null, "info": "", "images": [{"small": "https://rema-product-images.digital.rema1000.dk/794149/1-small-xQq8OeEnoZ.webp", "medium": "https://rema-product-images.digital.rema1000.dk/794149/1-medium-xQq8OeEnoZ.webp", "large": "https://rema-product-images.digital.rema1000.dk/794149/1-large-xQq8OeEnoZ.webp"}], "prices": [{"price": 15, "price_over_max_quantity": null, "max_quantity": null, "is_advertised": false, "is_campaign": false, "starting_at": "2023-05-16T00:00:00+00:00", "ending_at": "2099-12-31T00:00:00+00:00", "deposit": null, "compare_unit": "stk", "compare_unit_price": 0.94, "consumption_unit": null, "consumption_quantity": null}], "temperature_zone": null, "is_self_scale_item": false, "is_weight_item": false, "is_available_in_all_stores": true, "is_batch_item": false}
{"id": 794160, "name": "RULLEDUG", "underline": "5 MTR. / MED FLAG", "age_limit": null, "hazard_precaution_statements": [], "labels": [], "description": null, "info": "", "images": [{"small": "https://rema-product-images.digital.rema1000.dk/794160/1-small-6xqA1A18qD.webp", "medium": "https://rema-product-images.digital.rema1000.dk/794160/1-medium-6xqA1A18qD.webp", "large": "https://rema-product-images.digital.rema1000.dk/794160/1-large-6xqA1A18qD.webp"}], "prices": [{"price": 26, "price_over_max_quantity": null, "max_quantity": null, "is_advertised": false, "is_campaign": false, "starting_at": "2023-01-05T00:00:00+00:00", "ending_at": "2099-12-31T00:00:00+00:00", "deposit": null, "compare_unit": "mtr", "compare_unit_price": 5.2, "consumption_unit": null, "consumption_quantity": null}], "temperature_zone": null, "is_self_scale_item": false, "is_weight_item": false, "is_available_in_all_stores": false, "is_batch_item": false}
{"id": 794522, "name": "MINI LYS MED FLAG", "underline": "4 STK. / 4X6 CM", "age_limit": null, "hazard_precaution_statements": [], "labels": [], "description": null, "info": "", "images": [{"small": "https://rema-product-images.digital.rema1000.dk/794522/1-small-pyoz4KQK9X.webp", "medium": "https://rema-product-images.digital.rema1000.dk/794522/1-medium-pyoz4KQK9X.webp", "large": "https://rema-product-images.digital.rema1000.dk/794522/1-large-pyoz4KQK9X.webp"}], "prices": [{"price": 29, "price_over_max_quantity": null, "max_quantity": null, "is_advertised": false, "is_campaign": false, "starting_at": "2024-05-07T00:00:00+00:00", "ending_at": "2099-12-31T00:00:00+00:00", "deposit": null, "compare_unit": "stk", "compare_unit_price": 7.25, "consumption_unit": null, "consumption_quantity": null}], "temperature_zone": null, "is_self_scale_item": false, "is_weight_item": false, "is_available_in_all_stores": true, "is_batch_item": false}
{"id": 794571, "name": "BLOKLYS Ø6,8X16 CM", "underline": "1 STK. / GAMMEL ROSA", "age_limit": null, "hazard_precaution_statements": [], "labels": [], "description": null, "info": "", "images": [{"small": "https://rema-product-images.digital.rema1000.dk/794571/1-small-OW9O67v3qg.webp", "medium": "https://rema-product-images.digital.rema1000.dk/794571/1-medium-OW9O67v3qg.webp", "large": "https://rema-product-images.digital.rema1000.dk/794571/1-large-OW9O67v3qg.webp"}], "prices": [{"price": 22, "price_over_max_quantity": null, "max_quantity": null, "is_advertised": false, "is_campaign": false, "starting_at": "2024-04-08T00:00:00+00:00", "ending_at": "2099-12-31T00:00:00+00:00", "deposit": null, "compare_unit": "stk", "compare_unit_price": 22, "consumption_unit": null, "consumption_quantity": null}], "temperature_zone": null, "is_self_scale_item": false, "is_weight_item": false, "is_available_in_all_stores": true, "is_batch_item": false}
{"id": 794587, "name": "BLOKLYS Ø7,8X15 CM", "underline": "1 STK. / HVID", "age_limit": null, "hazard_precaution_statements": [], "labels": [], "description": null, "info": "", "images": [{"small": "https://rema-product-images.digital.rema1000.dk/794587/1-small-dyomydaAoV.webp", "medium": "https://rema-product-images.digital.rema1000.dk/794587/1-medium-dyomydaAoV.webp", "large": "https://rema-product-images.digital.rema1000.dk/794587/1-large-dyomydaAoV.webp"}], "prices": [{"price": 24, "price_over_max_quantity": null, "max_quantity": null, "is_advertised": false, "is_campaign": false, "starting_at": "2024-04-08T00:00:00+00:00", "ending_at": "2099-12-31T00:00:00+00:00", "deposit": null, "compare_unit": "stk", "compare_unit_price": 24, "consumption_unit": null, "consumption_quantity": null}], "temperature_zone": null, "is_self_scale_item": false, "is_weight_item": false, "is_available_in_all_stores": true, "is_batch_item": false}
{"id": 794589, "name": "BLOKLYS 5,8X15 CM", "underline": "1 STK. / GAMMEL ROSA", "age_limit": null, "hazard_precaution_statements": [], "labels": [], "description": null, "info": "", "images": [{"small": "https://rema-product-images.digital.rema1000.dk/794589/1-small-ElPBjABXPk.webp", "medium": "https://rema-product-images.digital.rema1000.dk/794589/1-medium-ElPBjABXPk.webp", "large": "https://rema-product-images.digital.rema1000.dk/794589/1-large-ElPBjABXPk.webp"}], "prices": [{"price": 15, "price_over_max_quantity": null, "max_quantity": null, "is_advertised": false, "is_campaign": false, "starting_at": "2024-04-08T00:00:00+00:00", "ending_at": "2099-12-31T00:00:00+00:00", "deposit": null, "compare_unit": "stk", "compare_unit_price": 15, "consumption_unit": null, "consumption_quantity": null}], "temperature_zone": null, "is_self_scale_item": false, "is_weight_item": false, "is_available_in_all_stores": true, "is_batch_item": false}
{"id": 794591, "name": "BLOKLYS Ø5,8X15 CM", "underline": "1 STK. / STØVET GRØN", "age_limit": null, "hazard_precaution_statements": [], "labels": [], "description": null, "info": "", "images": [{"small": "https://rema-product-images.digital.rema1000.dk/794591/1-small-3MoMarX7o5.webp", "medium": "https://rema-product-images.digital.rema1000.dk/794591/1-medium-3MoMarX7o5.webp", "large": "https://rema-product-images.digital.rema1000.dk/794591/1-large-3MoMarX7o5.webp"}], "prices": [{"price": 15, "price_over_max_quantity": null, "max_quantity": null, "is_advertised": false, "is_campaign": false, "starting_at": "2024-04-08T00:00:00+00:00", "ending_at": "2099-12-31T00:00:00+00:00", "deposit": null, "compare_unit": "stk", "compare_unit_price": 15, "consumption_unit": null, "consumption_quantity": null}], "temperature_zone": null, "is_self_scale_item": false, "is_weight_item": false, "is_available_in_all_stores": true, "is_batch_item": false}
{"id": 794693, "name": "KRONELYS 24 CM", "underline": "8 STK. / HVID", "age_limit": null, "hazard_precaution_statements": [], "labels": [], "description": null, "info": "", "images": [{"small": "https://rema-product-images.digital.rema1000.dk/794693/1-small-xQq8OeQOoZ.webp", "medium": "https://rema-product-images.digital.rema1000.dk/794693/1-medium-xQq8OeQOoZ.webp", "large": "https://rema-product-images.digital.rema1000.dk/794693/1-large-xQq8OeQOoZ.webp"}], "prices": [{"price": 30, "price_over_max_quantity": null, "max_quantity": null, "is_advertised": false, "is_campaign": false, "starting_at": "2024-03-21T00:00:00+00:00", "ending_at": "2099-12-31T00:00:00+00:00", "deposit": null, "compare_unit": "stk", "compare_unit_price": 3.75, "consumption_unit": null, "consumption_quantity": null}], "temperature_zone": null, "is_self_scale_item": false, "is_weight_item": false, "is_available_in_all_stores": true, "is_batch_item": false}
{"id": 794705, "name": "KRONELYS HVID", "underline": "15 STK.", "age_limit": null, "hazard_precaution_statements": [], "labels": [{"id": 42, "name": "Svanemærket", "image": "https://static-assets.digital.rema1000.dk/product/labels/42-64.webp"}], "description": null, "info": "", "images": [{"small": "https://rema-product-images.digital.rema1000.dk/794705/1-small-xQq8OeQQoZ.webp", "medium": "https://rema-product-images.digital.rema1000.dk/794705/1-medium-xQq8OeQQoZ.webp", "large": "https://rema-product-images.digital.rema1000.dk/794705/1-large-xQq8OeQQoZ.webp"}], "prices": [{"price": 39, "price_over_max_quantity": null, "max_quantity": null, "is_advertised": false, "is_campaign": false, "starting_at": "2024-01-04T00:00:00+00:00", "ending_at": "2099-12-31T00:00:00+00:00", "deposit": null, "compare_unit": "stk", "compare_unit_price": 2.6, "consumption_unit": null, "consumption_quantity": null}], "temperature_zone": null, "is_self_scale_item": false, "is_weight_item": false, "is_available_in_all_stores": true, "is_batch_item": false}
{"id": 794720, "name": "BLOKLYS Ø7,8X18 CM", "underline": "1 STK. / HVID", "age_limit": null, "hazard_precaution_statements": [], "labels": [], "description": null, "info": "", "images": [{"small": "https://rema-product-images.digital.rema1000.dk/794720/1-small-AKqeAdgYqp.webp", "medium": "https://rema-product-images.digital.rema1000.dk/794720/1-medium-AKqeAdgYqp.webp", "large": "https://rema-product-images.digital.rema1000.dk/794720/1-large-AKqeAdgYqp.webp"}], "prices": [{"price": 29, "price_over_max_quantity": null, "max_quantity": null, "is_advertised": false, "is_campaign": false, "starting_at": "2024-04-08T00:00:00+00:00", "ending_at": "2099-12-31T00:00:00+00:00", "deposit": null, "compare_unit": "stk", "compare_unit_price": 29, "consumption_unit": null, "consumption_quantity": null}], "temperature_zone": null, "is_self_scale_item": false, "is_weight_item": false, "is_available_in_all_stores": true, "is_batch_item": false}
{"id": 794725, "name": "BLOKLYS Ø6X10CM", "underline": "1 STK. / RUSTIK ROSA", "age_limit": null, "hazard_precaution_statements": [], "labels": [], "description": null, "info": "", "images": [{"small": "https://rema-product-images.digital.rema1000.dk/794725/1-small-Ea91jO4RPz.webp", "medium": "https://rema-product-images.digital.rema1000.dk/794725/1-medium-Ea91jO4RPz.webp", "large": "https://rema-product-images.digital.rema1000.dk/794725/1-large-Ea91jO4RPz.webp"}], "prices": [{"price": 19, "price_over_max_quantity": null, "max_quantity": null, "is_advertised": false, "is_campaign": false, "starting_at": "2022-05-12T00:00:00+00:00", "ending_at": "2099-12-31T00:00:00+00:00", "deposit": null, "compare_unit": "stk", "compare_unit_price": 19, "consumption_unit": null, "consumption_quantity": null}], "temperature_zone": null, "is_self_scale_item": false, "is_weight_item": false, "is_available_in_all_stores": true, "is_batch_item": false}
{"id": 794726, "name": "BLOKLYS Ø6X10 CM", "underline": "1 STK. / RUSTIK BLÅ", "age_limit": null, "hazard_precaution_statements": [], "labels": [], "description": null, "info": "", "images": [{"small": "https://rema-product-images.digital.rema1000.dk/794726/1-small-kOq3OkeNq6.webp", "medium": "https://rema-product-images.digital.rema1000.dk/794726/1-medium-kOq3OkeNq6.webp", "large": "https://rema-product-images.digital.rema1000.dk/794726/1-large-kOq3OkeNq6.webp"}], "prices": [{"price": 19, "price_over_max_quantity": null, "max_quantity": null, "is_advertised": false, "is_campaign": false, "starting_at": "2022-05-12T00:00:00+00:00", "ending_at": "2099-12-31T00:00:00+00:00", "deposit": null, "compare_unit": "stk", "compare_unit_price": 19, "consumption_unit": null, "consumption_quantity": null}], "temperature_zone": null, "is_self_scale_item": false, "is_weight_item": false, "is_available_in_all_stores": true, "is_batch_item": false}
{"id": 794742, "name": "BLOKLYS Ø6X13 CM", "underline": "1 STK. / RUSTIK BLÅ", "age_limit": null, "hazard_precaution_statements": [], "labels": [], "description": null, "info": "", "images": [{"small": "https://rema-product-images.digital.rema1000.dk/794742/1-small-A4PyZ7R7oL.webp", "medium": "https://rema-product-images.digital.rema1000.dk/794742/1-medium-A4PyZ7R7oL.webp", "large": "https://rema-product-images.digital.rema1000.dk/794742/1-large-A4PyZ7R7oL.webp"}], "prices": [{"price": 25, "price_over_max_quantity": null, "max_quantity": null, "is_advertised": false, "is_campaign": false, "starting_at": "2022-05-12T00:00:00+00:00", "ending_at": "2099-12-31T00:00:00+00:00", "deposit": null, "compare_unit": "stk", "compare_unit_price": 25, "consumption_unit": null, "consumption_quantity": null}], "temperature_zone": null, "is_self_scale_item": false, "is_weight_item": false, "is_available_in_all_stores": true, "is_batch_item": false}
{"id": 794744, "name": "BLOKLYS Ø6X13CM", "underline": "1 STK. / RUSTIK GRØN", "age_limit": null, "hazard_precaution_statements": [], "labels": [], "description": null, "info": "", "images": [{"small": "https://rema-product-images.digital.rema1000.dk/794744/1-small-xePwmrbvqw.webp", "medium": "https://rema-product-images.digital.rema1000.dk/794744/1-medium-xePwmrbvqw.webp", "large": "https://rema-product-images.digital.rema1000.dk/794744/1-large-xePwmrbvqw.webp"}], "prices": [{"price": 25, "price_over_max_quantity": null, "max_quantity": null, "is_advertised": false, "is_campaign": false, "starting_at": "2022-05-12T00:00:00+00:00", "ending_at": "2099-12-31T00:00:00+00:00", "deposit": null, "compare_unit": "stk", "compare_unit_price": 25, "consumption_unit": null, "consumption_quantity": null}], "temperature_zone": null, "is_self_scale_item": false, "is_weight_item": false, "is_available_in_all_stores": true, "is_batch_item": false}
{"id": 794801, "name": "MIDDAGSSERVIET", "underline": "100 PK. / 3-LAGS, 40X40 CM", "age_limit": null, "hazard_precaution_statements": [], "labels": [{"id": 42, "name": "Svanemærket", "image": "https://static-assets.digital.rema1000.dk/product/labels/42-64.webp"}], "description": null, "info": "", "images": [{"small": "https://rema-product-images.digital.rema1000.dk/794801/1-small-ElPBjAylPk.webp", "medium": "https://rema-product-images.digital.rema1000.dk/794801/1-medium-ElPBjAylPk.webp", "large": "https://rema-product-images.digital.rema1000.dk/794801/1-large-ElPBjAylPk.webp"}], "prices": [{"price": 34, "price_over_max_quantity": null, "max_quantity": null, "is_advertised": false, "is_campaign": false, "starting_at": "2023-05-11T00:00:00+00:00", "ending_at": "2099-12-31T00:00:00+00:00", "deposit": null, "compare_unit": "pk", "compare_unit_price": 0.34, "consumption_unit": null, "consumption_quantity": null}], "temperature_zone": null, "is_self_scale_item": false, "is_weight_item": false, "is_available_in_all_stores": true, "is_batch_item": false}
{"id": 794807, "name": "MAXI FYRFADSLYS", "underline": "12 PK. / BRÆNDETID 10 TIMER", "age_limit": null, "hazard_precaution_statements": [], "labels": [], "description": null, "info": "", "images": [{"small": "https://rema-product-images.digital.rema1000.dk/794807/1-small-v09gJdn0qA.webp", "medium": "https://rema-product-images.digital.rema1000.dk/794807/1-medium-v09gJdn0qA.webp", "large": "https://rema-product-images.digital.rema1000.dk/794807/1-large-v09gJdn0qA.webp"}], "prices": [{"price": 25, "price_over_max_quantity": null, "max_quantity": null, "is_advertised": false, "is_campaign": false, "starting_at": "2025-01-02T00:00:00+00:00", "ending_at": "2099-12-31T00:00:00+00:00", "deposit": null, "compare_unit": "pk", "compare_unit_price": 2.08, "consumption_unit": null, "consumption_quantity": null}], "temperature_zone": null, "is_self_scale_item": false, "is_weight_item": false, "is_available_in_all_stores": true, "is_batch_item": false}
{"id": 794852, "name": "SERVIETTER", "underline": "50 PK. / 3-LAGS, 33X33CM", "age_limit": null, "hazard_precaution_statements": [], "labels": [{"id": 42, "name": "Svanemærket", "image": "https://static-assets.digital.rema1000.dk/product/labels/42-64.webp"}], "description": null, "info": "", "images": [{"small": "https://rema-product-images.digital.rema1000.dk/794852/1-small-NpP7pe5VoO.webp", "medium": "https://rema-product-images.digital.rema1000.dk/794852/1-medium-NpP7pe5VoO.webp", "large": "https://rema-product-images.digital.rema1000.dk/794852/1-large-NpP7pe5VoO.webp"}], "prices": [{"price": 15, "price_over_max_quantity": null, "max_quantity": null, "is_advertised": false, "is_campaign": false, "starting_at": "2022-04-28T00:00:00+00:00", "ending_at": "2099-12-31T00:00:00+00:00", "deposit": null, "compare_unit": "pk", "compare_unit_price": 0.3, "consumption_unit": null, "consumption_quantity": null}], "temperature_zone": null, "is_self_scale_item": false, "is_weight_item": false, "is_available_in_all_stores": true, "is_batch_item": false}
{"id": 794861, "name": "SERVIETTER MED FLAG", "underline": "50 STK. / 33X33 CM, 3-LAGS", "age_limit": null, "hazard_precaution_statements": [], "labels": [{"id": 42, "name": "Svanemærket", "image": "https://static-assets.digital.rema1000.dk/product/labels/42-64.webp"}], "description": null, "info": "", "images": [{"small": "https://rema-product-images.digital.rema1000.dk/794861/1-small-Z8qpydml93.webp", "medium": "https://rema-product-images.digital.rema1000.dk/794861/1-medium-Z8qpydml93.webp", "large": "https://rema-product-images.digital.rema1000.dk/794861/1-large-Z8qpydml93.webp"}], "prices": [{"price": 21.95, "price_over_max_quantity": null, "max_quantity": null, "is_advertised": false, "is_campaign": false, "starting_at": "2023-04-20T00:00:00+00:00", "ending_at": "2099-12-31T00:00:00+00:00", "deposit": null, "compare_unit": "stk", "compare_unit_price": 0.44, "consumption_unit": null, "consumption_quantity": null}], "temperature_zone": null, "is_self_scale_item": false, "is_weight_item": false, "is_available_in_all_stores": true, "is_batch_item": false}
{"id": 79981, "name": "BLD. SMÅKAGER", "underline": "500 GR. / REMA 1000", "age_limit": null, "hazard_precaution_statements": [], "labels": [{"id": 2, "name": "REMA1000", "image": "https://static-assets.digital.rema1000.dk/product/labels/2-64.webp"}, {"id": 95, "name": "Rainforest Alliance", "image": "https://static-assets.digital.rema1000.dk/product/labels/95-64.webp"}], "description": null, "info": "", "images": [{"small": "https://rema-product-images.digital.rema1000.dk/79981/1-small-JzPJQ0J9kb.webp", "medium": "https://rema-product-images.digital.rema1000.dk/79981/1-medium-JzPJQ0J9kb.webp", "large": "https://rema-product-images.digital.rema1000.dk/79981/1-large-JzPJQ0J9kb.webp"}], "prices": [{"price": 16, "price_over_max_quantity": null, "max_quantity": null, "is_advertised": false, "is_campaign": false, "starting_at": "2024-01-02T00:00:00+00:00", "ending_at": "2099-12-31T00:00:00+00:00", "deposit": null, "compare_unit": "kg", "compare_unit_price": 32, "consumption_unit": null, "consumption_quantity": null}], "temperature_zone": null, "is_self_scale_item": false, "is_weight_item": false, "is_available_in_all_stores": true, "is_batch_item": false}
{"id": 800321, "name": "DAME GOLF SOK", "underline": "3 PAR / STR. 37-41, MODE", "age_limit": null, "hazard_precaution_statements": [], "labels": [], "description": null, "info": "", "images": [{"small": "https://rema-product-images.digital.rema1000.dk/800321/1-small-bJ9Y0ZZpqL.webp", "medium": "https://rema-product-images.digital.rema1000.dk/800321/1-medium-bJ9Y0ZZpqL.webp", "large": "https://rema-product-images.digital.rema1000.dk/800321/1-large-bJ9Y0ZZpqL.webp"}], "prices": [{"price": 29, "price_over_max_quantity": null, "max_quantity": null, "is_advertised": false, "is_campaign": false, "starting_at": "2020-04-02T00:00:00+00:00", "ending_at": "2099-12-31T00:00:00+00:00", "deposit": null, "compare_unit": "par", "compare_unit_price": 9.67, "consumption_unit": null, "consumption_quantity": null}], "temperature_zone": null, "is_self_scale_item": false, "is_weight_item": false, "is_available_in_all_stores": true, "is_batch_item": false}
{"id": 80098, "name": "PAKSU PEPE XXL", "underline": "80 GR. / PANDA, ORIGINAL", "age_limit": null, "hazard_precaution_statements": [], "labels": [], "description": null, "info": "", "images": [{"small": "https://rema-product-images.digital.rema1000.dk/80098/1-small-Al90vgBo8w.webp", "medium": "https://rema-product-images.digital.rema1000.dk/80098/1-medium-Al90vgBo8w.webp", "large": "https://rema-product-images.digital.rema1000.dk/80098/1-large-Al90vgBo8w.webp"}], "prices": [{"price": 10, "price_over_max_quantity": null, "max_quantity": null, "is_advertised": false, "is_campaign": false, "starting_at": "2022-02-09T00:00:00+00:00", "ending_at": "2099-12-31T00:00:00+00:00", "deposit": null, "compare_unit": "kg", "compare_unit_price": 125, "consumption_unit": null, "consumption_quantity": null}], "temperature_zone": null, "is_self_scale_item": false, "is_weight_item": false, "is_available_in_all_stores": true, "is_batch_item": false}
{"id": 80140, "name": "SALMIAK PASTILLER", "underline": "25 GR. / FISHERMAN'S FRIEND", "age_limit": null, "hazard_precaution_statements": [], "labels": [{"id": 31, "name": "Ikke tilsat sukker", "image": "https://static-assets.digital.rema1000.dk/product/labels/31-64.webp"}], "description": null, "info": "", "images": [{"small": "https://rema-product-images.digital.rema1000.dk/80140/1-small-rQqQraY9ea.webp", "medium": "https://rema-product-images.digital.rema1000.dk/80140/1-medium-rQqQraY9ea.webp", "large": "https://rema-product-images.digital.rema1000.dk/80140/1-large-rQqQraY9ea.webp"}], "prices": [{"price": 13.95, "price_over_max_quantity": null, "max_quantity": null, "is_advertised": false, "is_campaign": false, "starting_at": "2024-07-04T00:00:00+00:00", "ending_at": "2099-12-31T00:00:00+00:00", "deposit": null, "compare_unit": "kg", "compare_unit_price": 558, "consumption_unit": null, "consumption_quantity": null}], "temperature_zone": null, "is_self_scale_item": false, "is_weight_item": false, "is_available_in_all_stores": true, "is_batch_item": false}
{"id": 80147, "name": "KARAMELLER", "underline": "150 GR. / REMA 1000", "age_limit": null, "hazard_precaution_statements": [], "labels": [{"id": 9001, "name": "Avisvare", "image": "https://static-assets.digital.rema1000.dk/product/labels/9001-64.webp"}, {"id": 2, "name": "REMA1000", "image": "https://static-assets.digital.rema1000.dk/product/labels/2-64.webp"}], "description": null, "info": "", "images": [{"small": "https://rema-product-images.digital.rema1000.dk/80147/1-small-3MoMnAyq5E.webp", "medium": "https://rema-product-images.digital.rema1000.dk/80147/1-medium-3MoMnAyq5E.webp", "large": "https://rema-product-images.digital.rema1000.dk/80147/1-large-3MoMnAyq5E.webp"}], "prices": [{"price": 15, "price_over_max_quantity": null, "max_quantity": null, "is_advertised": true, "is_campaign": true, "starting_at": "2025-08-17T00:00:00+00:00", "ending_at": "2025-08-23T00:00:00+00:00", "deposit": null, "compare_unit": "kg", "compare_unit_price": 100, "consumption_unit": null, "consumption_quantity": null}, {"price": 22.95, "price_over_max_quantity": null, "max_quantity": null, "is_advertised": false, "is_campaign": false, "starting_at": "2025-08-24T00:00:00+00:00", "ending_at": "2099-12-31T00:00:00+00:00", "deposit": null, "compare_unit": "kg", "compare_unit_price": 153, "consumption_unit": null, "consumption_quantity": null}], "temperature_zone": null, "is_self_scale_item": false, "is_weight_item": false, "is_available_in_all_stores": true, "is_batch_item": false}
{"id": 80161, "name": "WEEKENDMIX", "underline": "230 GR. / REMA 1000", "age_limit": null, "hazard_precaution_statements": [], "labels": [{"id": 2, "name": "REMA1000", "image": "https://static-assets.digital.rema1000.dk/product/labels/2-64.webp"}], "description": null, "info": "", "images": [{"small": "https://rema-product-images.digital.rema1000.dk/80161/1-small-Z8qpJGYP3N.webp", "medium": "https://rema-product-images.digital.rema1000.dk/80161/1-medium-Z8qpJGYP3N.webp", "large": "https://rema-product-images.digital.rema1000.dk/80161/1-large-Z8qpJGYP3N.webp"}], "prices": [{"price": 24.95, "price_over_max_quantity": null, "max_quantity": null, "is_advertised": false, "is_campaign": false, "starting_at": "2023-02-09T00:00:00+00:00", "ending_at": "2099-12-31T00:00:00+00:00", "deposit": null, "compare_unit": "kg", "compare_unit_price": 108.48, "consumption_unit": null, "consumption_quantity": null}], "temperature_zone": null, "is_self_scale_item": false, "is_weight_item": false, "is_available_in_all_stores": true, "is_batch_item": false}
{"id": 80176, "name": "FLØDEBOLLER", "underline": "200 GR. / REMA 1000", "age_limit": null, "hazard_precaution_statements": [], "labels": [{"id": 2, "name": "REMA1000", "image": "https://static-assets.digital.rema1000.dk/product/labels/2-64.webp"}, {"id": 95, "name": "Rainforest Alliance", "image": "https://static-assets.digital.rema1000.dk/product/labels/95-64.webp"}], "description": null, "info": "", "images": [{"small": "https://rema-product-images.digital.rema1000.dk/80176/1-small-nDPWXeGoWa.webp", "medium": "https://rema-product-images.digital.rema1000.dk/80176/1-medium-nDPWXeGoWa.webp", "large": "https://rema-product-images.digital.rema1000.dk/80176/1-large-nDPWXeGoWa.webp"}], "prices": [{"price": 20.95, "price_over_max_quantity": null, "max_quantity": null, "is_advertised": false, "is_campaign": false, "starting_at": "2025-06-05T00:00:00+00:00", "ending_at": "2099-12-31T00:00:00+00:00", "deposit": null, "compare_unit": "kg", "compare_unit_price": 104.75, "consumption_unit": null, "consumption_quantity": null}], "temperature_zone": null, "is_self_scale_item": false, "is_weight_item": false, "is_available_in_all_stores": true, "is_batch_item": false}
{"id": 80187, "name": "FRESH DROPS", "underline": "75 GR. / REMA 1000", "age_limit": null, "hazard_precaution_statements": [], "labels": [{"id": 2, "name": "REMA1000", "image": "https://static-assets.digital.rema1000.dk/product/labels/2-64.webp"}, {"id": 31, "name": "Ikke tilsat sukker", "image": "https://static-assets.digital.rema1000.dk/product/labels/31-64.webp"}], "description": null, "info": "", "images": [{"small": "https://rema-product-images.digital.rema1000.dk/80187/1-small-dyomGaD9Vm.webp", "medium": "https://rema-product-images.digital.rema1000.dk/80187/1-medium-dyomGaD9Vm.webp", "large": "https://rema-product-images.digital.rema1000.dk/80187/1-large-dyomGaD9Vm.webp"}], "prices": [{"price": 12.95, "price_over_max_quantity": null, "max_quantity": null, "is_advertised": false, "is_campaign": false, "starting_at": "2022-12-01T00:00:00+00:00", "ending_at": "2099-12-31T00:00:00+00:00", "deposit": null, "compare_unit": "kg", "compare_unit_price": 172.67, "consumption_unit": null, "consumption_quantity": null}], "temperature_zone": null, "is_self_scale_item": false, "is_weight_item": false, "is_available_in_all_stores": true, "is_batch_item": false}
{"id": 80188, "name": "LIQOURICE DROPS", "underline": "75 GR. / REMA 1000", "age_limit": null, "hazard_precaution_statements": [], "labels": [{"id": 2, "name": "REMA1000", "image": "https://static-assets.digital.rema1000.dk/product/labels/2-64.webp"}, {"id": 31, "name": "Ikke tilsat sukker", "image": "https://static-assets.digital.rema1000.dk/product/labels/31-64.webp"}], "description": null, "info": "", "images": [{"small": "https://rema-product-images.digital.rema1000.dk/80188/1-small-xePwMw1qw8.webp", "medium": "https://rema-product-images.digital.rema1000.dk/80188/1-medium-xePwMw1qw8.webp", "large": "https://rema-product-images.digital.rema1000.dk/80188/1-large-xePwMw1qw8.webp"}], "prices": [{"price": 12.95, "price_over_max_quantity": null, "max_quantity": null, "is_advertised": false, "is_campaign": false, "starting_at": "2022-12-01T00:00:00+00:00", "ending_at": "2099-12-31T00:00:00+00:00", "deposit": null, "compare_unit": "kg", "compare_unit_price": 172.67, "consumption_unit": null, "consumption_quantity": null}], "temperature_zone": null, "is_self_scale_item": false, "is_weight_item": false, "is_available_in_all_stores": true, "is_batch_item": false}
{"id": 80199, "name": "LØRDAGSLAKRIDS", "underline": "230 GR. / REMA 1000", "age_limit": null, "hazard_precaution_statements": [], "labels": [{"id": 2, "name": "REMA1000", "image": "https://static-assets.digital.rema1000.dk/product/labels/2-64.webp"}], "description": null, "info": "", "images": [{"small": "https://rema-product-images.digital.rema1000.dk/80199/1-small-A5qVVekqaQ.webp", "medium": "https://rema-product-images.digital.rema1000.dk/80199/1-medium-A5qVVekqaQ.webp", "large": "https://rema-product-images.digital.rema1000.dk/80199/1-large-A5qVVekqaQ.webp"}], "prices": [{"price": 24.95, "price_over_max_quantity": null, "max_quantity": null, "is_advertised": false, "is_campaign": false, "starting_at": "2023-02-09T00:00:00+00:00", "ending_at": "2099-12-31T00:00:00+00:00", "deposit": null, "compare_unit": "kg", "compare_unit_price": 108.48, "consumption_unit": null, "consumption_quantity": null}], "temperature_zone": null, "is_self_scale_item": false, "is_weight_item": false, "is_available_in_all_stores": true, "is_batch_item": false}
{"id": 80258, "name": "WEST DROPS", "underline": "170 GR. / NØRREGADE", "age_limit": null, "hazard_precaution_statements": [], "labels": [], "description": null, "info": "", "images": [{"small": "https://rema-product-images.digital.rema1000.dk/80258/1-small-3MovnDwoAb.webp", "medium": "https://rema-product-images.digital.rema1000.dk/80258/1-medium-3MovnDwoAb.webp", "large": "https://rema-product-images.digital.rema1000.dk/80258/1-large-3MovnDwoAb.webp"}], "prices": [{"price": 20, "price_over_max_quantity": null, "max_quantity": null, "is_advertised": false, "is_campaign": false, "starting_at": "2020-10-01T00:00:00+00:00", "ending_at": "2099-12-31T00:00:00+00:00", "deposit": null, "compare_unit": "kg", "compare_unit_price": 117.65, "consumption_unit": null, "consumption_quantity": null}], "temperature_zone": null, "is_self_scale_item": false, "is_weight_item": false, "is_available_in_all_stores": true, "is_batch_item": false}
{"id": 80338, "name": "PEPPERMINT GUM", "underline": "60 GR. / REMA 1000", "age_limit": null, "hazard_precaution_statements": [], "labels": [{"id": 2, "name": "REMA1000", "image": "https://static-assets.digital.rema1000.dk/product/labels/2-64.webp"}, {"id": 31, "name": "Ikke tilsat sukker", "image": "https://static-assets.digital.rema1000.dk/product/labels/31-64.webp"}], "description": null, "info": "", "images": [{"small": "https://rema-product-images.digital.rema1000.dk/80338/1-small-MBoNMxWPvA.webp", "medium": "https://rema-product-images.digital.rema1000.dk/80338/1-medium-MBoNMxWPvA.webp", "large": "https://rema-product-images.digital.rema1000.dk/80338/1-large-MBoNMxWPvA.webp"}], "prices": [{"price": 12.95, "price_over_max_quantity": null, "max_quantity": null, "is_advertised": false, "is_campaign": false, "starting_at": "2023-08-03T00:00:00+00:00", "ending_at": "2099-12-31T00:00:00+00:00", "deposit": null, "compare_unit": "kg", "compare_unit_price": 215.83, "consumption_unit": null, "consumption_quantity": null}], "temperature_zone": null, "is_self_scale_item": false, "is_weight_item": false, "is_available_in_all_stores": true, "is_batch_item": false}
{"id": 80359, "name": "SPEARMINT GUM", "underline": "60 GR. / REMA 1000", "age_limit": null, "hazard_precaution_statements": [], "labels": [{"id": 2, "name": "REMA1000", "image": "https://static-assets.digital.rema1000.dk/product/labels/2-64.webp"}, {"id": 31, "name": "Ikke tilsat sukker", "image": "https://static-assets.digital.rema1000.dk/product/labels/31-64.webp"}], "description": null, "info": "", "images": [{"small": "https://rema-product-images.digital.rema1000.dk/80359/1-small-KpqRgeN9Lz.webp", "medium": "https://rema-product-images.digital.rema1000.dk/80359/1-medium-KpqRgeN9Lz.webp", "large": "https://rema-product-images.digital.rema1000.dk/80359/1-large-KpqRgeN9Lz.webp"}], "prices": [{"price": 12.95, "price_over_max_quantity": null, "max_quantity": null, "is_advertised": false, "is_campaign": false, "starting_at": "2023-08-03T00:00:00+00:00", "ending_at": "2099-12-31T00:00:00+00:00", "deposit": null, "compare_unit": "kg", "compare_unit_price": 215.83, "consumption_unit": null, "consumption_quantity": null}], "temperature_zone": null, "is_self_scale_item": false, "is_weight_item": false, "is_available_in_all_stores": true, "is_batch_item": false}
{"id": 80405, "name": "STANG MIX", "underline": "275 GR. / TOMS", "age_limit": null, "hazard_precaution_statements": [], "labels": [], "description": null, "info": "", "images": [{"small": "https://rema-product-images.digital.rema1000.dk/80405/1-small-xQq8zy2PZd.webp", "medium": "https://rema-product-images.digital.rema1000.dk/80405/1-medium-xQq8zy2PZd.webp", "large": "https://rema-product-images.digital.rema1000.dk/80405/1-large-xQq8zy2PZd.webp"}], "prices": [{"price": 27.5, "price_over_max_quantity": null, "max_quantity": null, "is_advertised": false, "is_campaign": true, "starting_at": "2025-08-07T00:00:00+00:00", "ending_at": "2025-09-03T00:00:00+00:00", "deposit": null, "compare_unit": "kg", "compare_unit_price": 100, "consumption_unit": null, "consumption_quantity": null}], "temperature_zone": null, "is_self_scale_item": false, "is_weight_item": false, "is_available_in_all_stores": true, "is_batch_item": false}
{"id": 80410, "name": "PINGVIN BLANDING", "underline": "275 GR. / TOMS", "age_limit": null, "hazard_precaution_statements": [], "labels": [], "description": null, "info": "", "images": [{"small": "https://rema-product-images.digital.rema1000.dk/80410/1-small-Al90vA7o8w.webp", "medium": "https://rema-product-images.digital.rema1000.dk/80410/1-medium-Al90vA7o8w.webp", "large": "https://rema-product-images.digital.rema1000.dk/80410/1-large-Al90vA7o8w.webp"}], "prices": [{"price": 27.5, "price_over_max_quantity": null, "max_quantity": null, "is_advertised": false, "is_campaign": true, "starting_at": "2025-08-07T00:00:00+00:00", "ending_at": "2025-09-03T00:00:00+00:00", "deposit": null, "compare_unit": "kg", "compare_unit_price": 100, "consumption_unit": null, "consumption_quantity": null}], "temperature_zone": null, "is_self_scale_item": false, "is_weight_item": false, "is_available_in_all_stores": true, "is_batch_item": false}
{"id": 80416, "name": "SOFT BAR", "underline": "30 GR. / EASIS, CARAMEL DARK CHOCO", "age_limit": null, "hazard_precaution_statements": [], "labels": [{"id": 31, "name": "Ikke tilsat sukker", "image": "https://static-assets.digital.rema1000.dk/product/labels/31-64.webp"}], "description": null, "info": "", "images": [{"small": "https://rema-product-images.digital.rema1000.dk/80416/1-small-6xqA2yE9Dr.webp", "medium": "https://rema-product-images.digital.rema1000.dk/80416/1-medium-6xqA2yE9Dr.webp", "large": "https://rema-product-images.digital.rema1000.dk/80416/1-large-6xqA2yE9Dr.webp"}], "prices": [{"price": 12.95, "price_over_max_quantity": null, "max_quantity": null, "is_advertised": false, "is_campaign": false, "starting_at": "2025-08-17T00:00:00+00:00", "ending_at": "2099-12-31T00:00:00+00:00", "deposit": null, "compare_unit": "kg", "compare_unit_price": 431.67, "consumption_unit": null, "consumption_quantity": null}], "temperature_zone": null, "is_self_scale_item": false, "is_weight_item": false, "is_available_in_all_stores": true, "is_batch_item": false}
{"id": 80428, "name": "AFTER EIGHT", "underline": "200 GR. / NESTLE", "age_limit": null, "hazard_precaution_statements": [], "labels": [], "description": null, "info": "", "images": [{"small": "https://rema-product-images.digital.rema1000.dk/80428/1-small-xyqam18qDb.webp", "medium": "https://rema-product-images.digital.rema1000.dk/80428/1-medium-xyqam18qDb.webp", "large": "https://rema-product-images.digital.rema1000.dk/80428/1-large-xyqam18qDb.webp"}], "prices": [{"price": 48.95, "price_over_max_quantity": null, "max_quantity": null, "is_advertised": false, "is_campaign": false, "starting_at": "2025-07-03T00:00:00+00:00", "ending_at": "2099-12-31T00:00:00+00:00", "deposit": null, "compare_unit": "kg", "compare_unit_price": 244.75, "consumption_unit": null, "consumption_quantity": null}], "temperature_zone": null, "is_self_scale_item": false, "is_weight_item": false, "is_available_in_all_stores": true, "is_batch_item": false}
{"id": 80474, "name": "STRAWBERRY/LIME GUM", "underline": "22 GR. / REMA 1000", "age_limit": null, "hazard_precaution_statements": [], "labels": [{"id": 2, "name": "REMA1000", "image": "https://static-assets.digital.rema1000.dk/product/labels/2-64.webp"}, {"id": 31, "name": "Ikke tilsat sukker", "image": "https://static-assets.digital.rema1000.dk/product/labels/31-64.webp"}], "description": null, "info": "", "images": [{"small": "https://rema-product-images.digital.rema1000.dk/80474/1-small-869DGpbqMa.webp", "medium": "https://rema-product-images.digital.rema1000.dk/80474/1-medium-869DGpbqMa.webp", "large": "https://rema-product-images.digital.rema1000.dk/80474/1-large-869DGpbqMa.webp"}], "prices": [{"price": 6, "price_over_max_quantity": null, "max_quantity": null, "is_advertised": false, "is_campaign": false, "starting_at": "2022-06-22T00:00:00+00:00", "ending_at": "2099-12-31T00:00:00+00:00", "deposit": null, "compare_unit": "kg", "compare_unit_price": 272.73, "consumption_unit": null, "consumption_quantity": null}], "temperature_zone": null, "is_self_scale_item": false, "is_weight_item": false, "is_available_in_all_stores": true, "is_batch_item": false}
{"id": 80476, "name": "DENTAL PEPPERMINT", "underline": "24 GR. / REMA 1000", "age_limit": null, "hazard_precaution_statements": [], "labels": [{"id": 2, "name": "REMA1000", "image": "https://static-assets.digital.rema1000.dk/product/labels/2-64.webp"}, {"id": 31, "name": "Ikke tilsat sukker", "image": "https://static-assets.digital.rema1000.dk/product/labels/31-64.webp"}], "description": null, "info": "", "images": [{"small": "https://rema-product-images.digital.rema1000.dk/80476/1-small-nDPWXypoWa.webp", "medium": "https://rema-product-images.digital.rema1000.dk/80476/1-medium-nDPWXypoWa.webp", "large": "https://rema-product-images.digital.rema1000.dk/80476/1-large-nDPWXypoWa.webp"}], "prices": [{"price": 6, "price_over_max_quantity": null, "max_quantity": null, "is_advertised": false, "is_campaign": false, "starting_at": "2022-06-22T00:00:00+00:00", "ending_at": "2099-12-31T00:00:00+00:00", "deposit": null, "compare_unit": "kg", "compare_unit_price": 250, "consumption_unit": null, "consumption_quantity": null}], "temperature_zone": null, "is_self_scale_item": false, "is_weight_item": false, "is_available_in_all_stores": true, "is_batch_item": false}
{"id": 80477, "name": "DENTAL SPEARMINT", "underline": "24 GR. / REMA 1000", "age_limit": null, "hazard_precaution_statements": [], "labels": [{"id": 2, "name": "REMA1000", "image": "https://static-assets.digital.rema1000.dk/product/labels/2-64.webp"}, {"id": 31, "name": "Ikke tilsat sukker", "image": "https://static-assets.digital.rema1000.dk/product/labels/31-64.webp"}], "description": null, "info": "", "images": [{"small": "https://rema-product-images.digital.rema1000.dk/80477/1-small-YLPj2MLPkx.webp", "medium": "https://rema-product-images.digital.rema1000.dk/80477/1-medium-YLPj2MLPkx.webp", "large": "https://rema-product-images.digital.rema1000.dk/80477/1-large-YLPj2MLPkx.webp"}], "prices": [{"price": 6, "price_over_max_quantity": null, "max_quantity": null, "is_advertised": false, "is_campaign": false, "starting_at": "2022-06-22T00:00:00+00:00", "ending_at": "2099-12-31T00:00:00+00:00", "deposit": null, "compare_unit": "kg", "compare_unit_price": 250, "consumption_unit": null, "consumption_quantity": null}], "temperature_zone": null, "is_self_scale_item": false, "is_weight_item": false, "is_available_in_all_stores": true, "is_batch_item": false}
{"id": 80498, "name": "MARCIPANBRØD", "underline": "75 GR. / REMA 1000", "age_limit": null, "hazard_precaution_statements": [], "labels": [{"id": 2, "name": "REMA1000", "image": "https://static-assets.digital.rema1000.dk/product/labels/2-64.webp"}], "description": null, "info": "", "images": [{"small": "https://rema-product-images.digital.rema1000.dk/80498/1-small-Al90ve7o8w.webp", "medium": "https://rema-product-images.digital.rema1000.dk/80498/1-medium-Al90ve7o8w.webp", "large": "https://rema-product-images.digital.rema1000.dk/80498/1-large-Al90ve7o8w.webp"}], "prices": [{"price": 14, "price_over_max_quantity": null, "max_quantity": null, "is_advertised": false, "is_campaign": false, "starting_at": "2025-01-23T00:00:00+00:00", "ending_at": "2099-12-31T00:00:00+00:00", "deposit": null, "compare_unit": "kg", "compare_unit_price": 186.67, "consumption_unit": null, "consumption_quantity": null}], "temperature_zone": null, "is_self_scale_item": false, "is_weight_item": false, "is_available_in_all_stores": true, "is_batch_item": false}
{"id": 80575, "name": "SPEARMINT", "underline": "42 GR. / STIMOROL", "age_limit": null, "hazard_precaution_statements": [], "labels": [{"id": 31, "name": "Ikke tilsat sukker", "image": "https://static-assets.digital.rema1000.dk/product/labels/31-64.webp"}], "description": null, "info": "", "images": [{"small": "https://rema-product-images.digital.rema1000.dk/80575/1-small-01q2AYdo7n.webp", "medium": "https://rema-product-images.digital.rema1000.dk/80575/1-medium-01q2AYdo7n.webp", "large": "https://rema-product-images.digital.rema1000.dk/80575/1-large-01q2AYdo7n.webp"}], "prices": [{"price": 17.95, "price_over_max_quantity": null, "max_quantity": null, "is_advertised": false, "is_campaign": false, "starting_at": "2023-02-02T00:00:00+00:00", "ending_at": "2099-12-31T00:00:00+00:00", "deposit": null, "compare_unit": "kg", "compare_unit_price": 427.38, "consumption_unit": null, "consumption_quantity": null}], "temperature_zone": null, "is_self_scale_item": false, "is_weight_item": false, "is_available_in_all_stores": true, "is_batch_item": false}
{"id": 80576, "name": "STIMOROL 3PAK", "underline": "42 GR. / LAKRIDS", "age_limit": null, "hazard_precaution_statements": [], "labels": [{"id": 31, "name": "Ikke tilsat sukker", "image": "https://static-assets.digital.rema1000.dk/product/labels/31-64.webp"}], "description": null, "info": "", "images": [{"small": "https://rema-product-images.digital.rema1000.dk/80576/1-small-nDPWX56oWa.webp", "medium": "https://rema-product-images.digital.rema1000.dk/80576/1-medium-nDPWX56oWa.webp", "large": "https://rema-product-images.digital.rema1000.dk/80576/1-large-nDPWX56oWa.webp"}], "prices": [{"price": 17.95, "price_over_max_quantity": null, "max_quantity": null, "is_advertised": false, "is_campaign": false, "starting_at": "2023-03-30T00:00:00+00:00", "ending_at": "2099-12-31T00:00:00+00:00", "deposit": null, "compare_unit": "kg", "compare_unit_price": 427.38, "consumption_unit": null, "consumption_quantity": null}], "temperature_zone": null, "is_self_scale_item": false, "is_weight_item": false, "is_available_in_all_stores": true, "is_batch_item": false}
{"id": 80577, "name": "PEPPERMINT", "underline": "42 GR. / STIMOROL", "age_limit": null, "hazard_precaution_statements": [], "labels": [{"id": 31, "name": "Ikke tilsat sukker", "image": "https://static-assets.digital.rema1000.dk/product/labels/31-64.webp"}], "description": null, "info": "", "images": [{"small": "https://rema-product-images.digital.rema1000.dk/80577/1-small-YLPj2ZWPkx.webp", "medium": "https://rema-product-images.digital.rema1000.dk/80577/1-medium-YLPj2ZWPkx.webp", "large": "https://rema-product-images.digital.rema1000.dk/80577/1-large-YLPj2ZWPkx.webp"}], "prices": [{"price": 17.95, "price_over_max_quantity": null, "max_quantity": null, "is_advertised": false, "is_campaign": false, "starting_at": "2023-02-02T00:00:00+00:00", "ending_at": "2099-12-31T00:00:00+00:00", "deposit": null, "compare_unit": "kg", "compare_unit_price": 427.38, "consumption_unit": null, "consumption_quantity": null}], "temperature_zone": null, "is_self_scale_item": false, "is_weight_item": false, "is_available_in_all_stores": true, "is_batch_item": false}
{"id": 80578, "name": "CHERRY", "underline": "42 GR. / STIMOROL", "age_limit": null, "hazard_precaution_statements": [], "labels": [{"id": 31, "name": "Ikke tilsat sukker", "image": "https://static-assets.digital.rema1000.dk/product/labels/31-64.webp"}], "description": null, "info": "", "images": [{"small": "https://rema-product-images.digital.rema1000.dk/80578/1-small-yLqGJRwod4.webp", "medium": "https://rema-product-images.digital.rema1000.dk/80578/1-medium-yLqGJRwod4.webp", "large": "https://rema-product-images.digital.rema1000.dk/80578/1-large-yLqGJRwod4.webp"}], "prices": [{"price": 17.95, "price_over_max_quantity": null, "max_quantity": null, "is_advertised": false, "is_campaign": false, "starting_at": "2023-02-02T00:00:00+00:00", "ending_at": "2099-12-31T00:00:00+00:00", "deposit": null, "compare_unit": "kg", "compare_unit_price": 427.38, "consumption_unit": null, "consumption_quantity": null}], "temperature_zone": null, "is_self_scale_item": false, "is_weight_item": false, "is_available_in_all_stores": true, "is_batch_item": false}
{"id": 80660, "name": "XXL MARSHMALLOWS", "underline": "350 GR. / REMA 1000", "age_limit": null, "hazard_precaution_statements": [], "labels": [{"id": 2, "name": "REMA1000", "image": "https://static-assets.digital.rema1000.dk/product/labels/2-64.webp"}], "description": null, "info": "", "images": [{"small": "https://rema-product-images.digital.rema1000.dk/80660/1-small-6xqA2Lj9Dr.webp", "medium": "https://rema-product-images.digital.rema1000.dk/80660/1-medium-6xqA2Lj9Dr.webp", "large": "https://rema-product-images.digital.rema1000.dk/80660/1-large-6xqA2Lj9Dr.webp"}], "prices": [{"price": 39, "price_over_max_quantity": null, "max_quantity": null, "is_advertised": false, "is_campaign": false, "starting_at": "2024-05-02T00:00:00+00:00", "ending_at": "2025-08-20T00:00:00+00:00", "deposit": null, "compare_unit": "kg", "compare_unit_price": 111.43, "consumption_unit": null, "consumption_quantity": null}], "temperature_zone": null, "is_self_scale_item": false, "is_weight_item": false, "is_available_in_all_stores": true, "is_batch_item": false}
{"id": 80664, "name": "MARSHMALLOWS", "underline": "150 GR. / REMA 1000, TWISTER", "age_limit": null, "hazard_precaution_statements": [], "labels": [{"id": 2, "name": "REMA1000", "image": "https://static-assets.digital.rema1000.dk/product/labels/2-64.webp"}], "description": null, "info": "", "images": [{"small": "https://rema-product-images.digital.rema1000.dk/80664/1-small-AKqe3aePp1.webp", "medium": "https://rema-product-images.digital.rema1000.dk/80664/1-medium-AKqe3aePp1.webp", "large": "https://rema-product-images.digital.rema1000.dk/80664/1-large-AKqe3aePp1.webp"}], "prices": [{"price": 17.95, "price_over_max_quantity": null, "max_quantity": null, "is_advertised": false, "is_campaign": false, "starting_at": "2023-02-09T00:00:00+00:00", "ending_at": "2099-12-31T00:00:00+00:00", "deposit": null, "compare_unit": "kg", "compare_unit_price": 119.67, "consumption_unit": null, "consumption_quantity": null}], "temperature_zone": null, "is_self_scale_item": false, "is_weight_item": false, "is_available_in_all_stores": true, "is_batch_item": false}
{"id": 80672, "name": "LIQOURICE", "underline": "65 GR. / HALLS", "age_limit": null, "hazard_precaution_statements": [], "labels": [{"id": 31, "name": "Ikke tilsat sukker", "image": "https://static-assets.digital.rema1000.dk/product/labels/31-64.webp"}], "description": null, "info": "", "images": [{"small": "https://rema-product-images.digital.rema1000.dk/80672/1-small-xyqamdOqDb.webp", "medium": "https://rema-product-images.digital.rema1000.dk/80672/1-medium-xyqamdOqDb.webp", "large": "https://rema-product-images.digital.rema1000.dk/80672/1-large-xyqamdOqDb.webp"}], "prices": [{"price": 19.95, "price_over_max_quantity": null, "max_quantity": null, "is_advertised": false, "is_campaign": false, "starting_at": "2023-02-02T00:00:00+00:00", "ending_at": "2099-12-31T00:00:00+00:00", "deposit": null, "compare_unit": "kg", "compare_unit_price": 306.92, "consumption_unit": null, "consumption_quantity": null}], "temperature_zone": null, "is_self_scale_item": false, "is_weight_item": false, "is_available_in_all_stores": true, "is_batch_item": false}
{"id": 80673, "name": "COOLWAVE", "underline": "65 GR. / HALLS", "age_limit": null, "hazard_precaution_statements": [], "labels": [{"id": 31, "name": "Ikke tilsat sukker", "image": "https://static-assets.digital.rema1000.dk/product/labels/31-64.webp"}], "description": null, "info": "", "images": [{"small": "https://rema-product-images.digital.rema1000.dk/80673/1-small-pYqx54891L.webp", "medium": "https://rema-product-images.digital.rema1000.dk/80673/1-medium-pYqx54891L.webp", "large": "https://rema-product-images.digital.rema1000.dk/80673/1-large-pYqx54891L.webp"}], "prices": [{"price": 19.95, "price_over_max_quantity": null, "max_quantity": null, "is_advertised": false, "is_campaign": false, "starting_at": "2024-05-09T00:00:00+00:00", "ending_at": "2099-12-31T00:00:00+00:00", "deposit": null, "compare_unit": "kg", "compare_unit_price": 306.92, "consumption_unit": null, "consumption_quantity": null}], "temperature_zone": null, "is_self_scale_item": false, "is_weight_item": false, "is_available_in_all_stores": true, "is_batch_item": false}
{"id": 807072, "name": "HERRE JOB SOK", "underline": "2 PAR / STR. 40-43 EL 44-47", "age_limit": null, "hazard_precaution_statements": [], "labels": [], "description": null, "info": "", "images": [{"small": "https://rema-product-images.digital.rema1000.dk/807072/1-small-xyqaQObEqD.webp", "medium": "https://rema-product-images.digital.rema1000.dk/807072/1-medium-xyqaQObEqD.webp", "large": "https://rema-product-images.digital.rema1000.dk/807072/1-large-xyqaQObEqD.webp"}], "prices": [{"price": 29, "price_over_max_quantity": null, "max_quantity": null, "is_advertised": false, "is_campaign": false, "starting_at": "2013-09-19T00:00:00+00:00", "ending_at": "2099-12-31T00:00:00+00:00", "deposit": null, "compare_unit": "par", "compare_unit_price": 14.5, "consumption_unit": null, "consumption_quantity": null}], "temperature_zone": null, "is_self_scale_item": false, "is_weight_item": false, "is_available_in_all_stores": true, "is_batch_item": false}
{"id": 80728, "name": "FAMILIEMIX", "underline": "235 GR. / REMA 1000", "age_limit": null, "hazard_precaution_statements": [], "labels": [{"id": 2, "name": "REMA1000", "image": "https://static-assets.digital.rema1000.dk/product/labels/2-64.webp"}], "description": null, "info": "", "images": [{"small": "https://rema-product-images.digital.rema1000.dk/80728/1-small-xyqamk6qDb.webp", "medium": "https://rema-product-images.digital.rema1000.dk/80728/1-medium-xyqamk6qDb.webp", "large": "https://rema-product-images.digital.rema1000.dk/80728/1-large-xyqamk6qDb.webp"}], "prices": [{"price": 25, "price_over_max_quantity": null, "max_quantity": null, "is_advertised": false, "is_campaign": false, "starting_at": "2023-01-26T00:00:00+00:00", "ending_at": "2099-12-31T00:00:00+00:00", "deposit": null, "compare_unit": "kg", "compare_unit_price": 106.38, "consumption_unit": null, "consumption_quantity": null}], "temperature_zone": null, "is_self_scale_item": false, "is_weight_item": false, "is_available_in_all_stores": true, "is_batch_item": false}
{"id": 80858, "name": "TOP STAR MIX", "underline": "275 GR. / HARIBO", "age_limit": null, "hazard_precaution_statements": [], "labels": [], "description": null, "info": "", "images": [{"small": "https://rema-product-images.digital.rema1000.dk/80858/1-small-3Movn2koAb.webp", "medium": "https://rema-product-images.digital.rema1000.dk/80858/1-medium-3Movn2koAb.webp", "large": "https://rema-product-images.digital.rema1000.dk/80858/1-large-3Movn2koAb.webp"}], "prices": [{"price": 27.5, "price_over_max_quantity": null, "max_quantity": null, "is_advertised": false, "is_campaign": true, "starting_at": "2025-08-14T00:00:00+00:00", "ending_at": "2025-09-03T00:00:00+00:00", "deposit": null, "compare_unit": "kg", "compare_unit_price": 100, "consumption_unit": null, "consumption_quantity": null}], "temperature_zone": null, "is_self_scale_item": false, "is_weight_item": false, "is_available_in_all_stores": true, "is_batch_item": false}
{"id": 80863, "name": "MØRK CHOKOLADE 72%", "underline": "100 GR. / REMA 1000", "age_limit": null, "hazard_precaution_statements": [], "labels": [{"id": 2, "name": "REMA1000", "image": "https://static-assets.digital.rema1000.dk/product/labels/2-64.webp"}, {"id": 95, "name": "Rainforest Alliance", "image": "https://static-assets.digital.rema1000.dk/product/labels/95-64.webp"}], "description": null, "info": "", "images": [{"small": "https://rema-product-images.digital.rema1000.dk/80863/1-small-rDq6eJ2obW.webp", "medium": "https://rema-product-images.digital.rema1000.dk/80863/1-medium-rDq6eJ2obW.webp", "large": "https://rema-product-images.digital.rema1000.dk/80863/1-large-rDq6eJ2obW.webp"}], "prices": [{"price": 23.95, "price_over_max_quantity": null, "max_quantity": null, "is_advertised": false, "is_campaign": false, "starting_at": "2025-01-30T00:00:00+00:00", "ending_at": "2099-12-31T00:00:00+00:00", "deposit": null, "compare_unit": "kg", "compare_unit_price": 239.5, "consumption_unit": null, "consumption_quantity": null}], "temperature_zone": null, "is_self_scale_item": false, "is_weight_item": false, "is_available_in_all_stores": true, "is_batch_item": false}
{"id": 80864, "name": "MØRK CHOKOLADE 85%", "underline": "100 GR. / REMA 1000", "age_limit": null, "hazard_precaution_statements": [], "labels": [{"id": 2, "name": "REMA1000", "image": "https://static-assets.digital.rema1000.dk/product/labels/2-64.webp"}, {"id": 95, "name": "Rainforest Alliance", "image": "https://static-assets.digital.rema1000.dk/product/labels/95-64.webp"}], "description": null, "info": "", "images": [{"small": "https://rema-product-images.digital.rema1000.dk/80864/1-small-AKqe3vYPp1.webp", "medium": "https://rema-product-images.digital.rema1000.dk/80864/1-medium-AKqe3vYPp1.webp", "large": "https://rema-product-images.digital.rema1000.dk/80864/1-large-AKqe3vYPp1.webp"}], "prices": [{"price": 24.95, "price_over_max_quantity": null, "max_quantity": null, "is_advertised": false, "is_campaign": false, "starting_at": "2025-01-30T00:00:00+00:00", "ending_at": "2099-12-31T00:00:00+00:00", "deposit": null, "compare_unit": "kg", "compare_unit_price": 249.5, "consumption_unit": null, "consumption_quantity": null}], "temperature_zone": null, "is_self_scale_item": false, "is_weight_item": false, "is_available_in_all_stores": true, "is_batch_item": false}
{"id": 80865, "name": "HVID CHOKOLADE", "underline": "100 GR. / REMA 1000", "age_limit": null, "hazard_precaution_statements": [], "labels": [{"id": 2, "name": "REMA1000", "image": "https://static-assets.digital.rema1000.dk/product/labels/2-64.webp"}, {"id": 95, "name": "Rainforest Alliance", "image": "https://static-assets.digital.rema1000.dk/product/labels/95-64.webp"}], "description": null, "info": "", "images": [{"small": "https://rema-product-images.digital.rema1000.dk/80865/1-small-bJ9YvnkPL5.webp", "medium": "https://rema-product-images.digital.rema1000.dk/80865/1-medium-bJ9YvnkPL5.webp", "large": "https://rema-product-images.digital.rema1000.dk/80865/1-large-bJ9YvnkPL5.webp"}], "prices": [{"price": 22.95, "price_over_max_quantity": null, "max_quantity": null, "is_advertised": false, "is_campaign": false, "starting_at": "2025-01-30T00:00:00+00:00", "ending_at": "2099-12-31T00:00:00+00:00", "deposit": null, "compare_unit": "kg", "compare_unit_price": 229.5, "consumption_unit": null, "consumption_quantity": null}], "temperature_zone": null, "is_self_scale_item": false, "is_weight_item": false, "is_available_in_all_stores": true, "is_batch_item": false}
{"id": 80929, "name": "MINTPASTILLER", "underline": "20 GR. / PEPPERMINT", "age_limit": null, "hazard_precaution_statements": [], "labels": [{"id": 2, "name": "REMA1000", "image": "https://static-assets.digital.rema1000.dk/product/labels/2-64.webp"}, {"id": 31, "name": "Ikke tilsat sukker", "image": "https://static-assets.digital.rema1000.dk/product/labels/31-64.webp"}], "description": null, "info": "", "images": [{"small": "https://rema-product-images.digital.rema1000.dk/80929/1-small-pYqx5OG91L.webp", "medium": "https://rema-product-images.digital.rema1000.dk/80929/1-medium-pYqx5OG91L.webp", "large": "https://rema-product-images.digital.rema1000.dk/80929/1-large-pYqx5OG91L.webp"}], "prices": [{"price": 11.95, "price_over_max_quantity": null, "max_quantity": null, "is_advertised": false, "is_campaign": false, "starting_at": "2022-06-22T00:00:00+00:00", "ending_at": "2099-12-31T00:00:00+00:00", "deposit": null, "compare_unit": "kg", "compare_unit_price": 597.5, "consumption_unit": null, "consumption_quantity": null}], "temperature_zone": null, "is_self_scale_item": false, "is_weight_item": false, "is_available_in_all_stores": true, "is_batch_item": false}
{"id": 80943, "name": "FRUITY FRESH", "underline": "40 GR. / VICKS", "age_limit": null, "hazard_precaution_statements": [], "labels": [{"id": 31, "name": "Ikke tilsat sukker", "image": "https://static-assets.digital.rema1000.dk/product/labels/31-64.webp"}], "description": null, "info": "", "images": [{"small": "https://rema-product-images.digital.rema1000.dk/80943/1-small-dyomGA39Vm.webp", "medium": "https://rema-product-images.digital.rema1000.dk/80943/1-medium-dyomGA39Vm.webp", "large": "https://rema-product-images.digital.rema1000.dk/80943/1-large-dyomGA39Vm.webp"}], "prices": [{"price": 10, "price_over_max_quantity": null, "max_quantity": null, "is_advertised": false, "is_campaign": false, "starting_at": "2021-02-12T00:00:00+00:00", "ending_at": "2099-12-31T00:00:00+00:00", "deposit": null, "compare_unit": "kg", "compare_unit_price": 250, "consumption_unit": null, "consumption_quantity": null}], "temperature_zone": null, "is_self_scale_item": false, "is_weight_item": false, "is_available_in_all_stores": true, "is_batch_item": false}
{"id": 80949, "name": "SUR MIX", "underline": "235 GR. / REMA 1000", "age_limit": null, "hazard_precaution_statements": [], "labels": [{"id": 2, "name": "REMA1000", "image": "https://static-assets.digital.rema1000.dk/product/labels/2-64.webp"}], "description": null, "info": "", "images": [{"small": "https://rema-product-images.digital.rema1000.dk/80949/1-small-xQq8zjJPZd.webp", "medium": "https://rema-product-images.digital.rema1000.dk/80949/1-medium-xQq8zjJPZd.webp", "large": "https://rema-product-images.digital.rema1000.dk/80949/1-large-xQq8zjJPZd.webp"}], "prices": [{"price": 25, "price_over_max_quantity": null, "max_quantity": null, "is_advertised": false, "is_campaign": false, "starting_at": "2023-01-26T00:00:00+00:00", "ending_at": "2099-12-31T00:00:00+00:00", "deposit": null, "compare_unit": "kg", "compare_unit_price": 106.38, "consumption_unit": null, "consumption_quantity": null}], "temperature_zone": null, "is_self_scale_item": false, "is_weight_item": false, "is_available_in_all_stores": true, "is_batch_item": false}
{"id": 81052, "name": "LAKRIDSBLANDING", "underline": "200 GR. / REMA 1000", "age_limit": null, "hazard_precaution_statements": [], "labels": [{"id": 2, "name": "REMA1000", "image": "https://static-assets.digital.rema1000.dk/product/labels/2-64.webp"}], "description": null, "info": "", "images": [{"small": "https://rema-product-images.digital.rema1000.dk/81052/1-small-NpP7YK0qOl.webp", "medium": "https://rema-product-images.digital.rema1000.dk/81052/1-medium-NpP7YK0qOl.webp", "large": "https://rema-product-images.digital.rema1000.dk/81052/1-large-NpP7YK0qOl.webp"}], "prices": [{"price": 20, "price_over_max_quantity": null, "max_quantity": null, "is_advertised": false, "is_campaign": false, "starting_at": "2025-02-27T00:00:00+00:00", "ending_at": "2099-12-31T00:00:00+00:00", "deposit": null, "compare_unit": "kg", "compare_unit_price": 100, "consumption_unit": null, "consumption_quantity": null}], "temperature_zone": null, "is_self_scale_item": false, "is_weight_item": false, "is_available_in_all_stores": true, "is_batch_item": false}
{"id": 81084, "name": "KLASSISK MIX", "underline": "129 GR. / GO'E STÆNGER", "age_limit": null, "hazard_precaution_statements": [], "labels": [], "description": null, "info": "", "images": [{"small": "https://rema-product-images.digital.rema1000.dk/81084/1-small-rQqQrkB9ea.webp", "medium": "https://rema-product-images.digital.rema1000.dk/81084/1-medium-rQqQrkB9ea.webp", "large": "https://rema-product-images.digital.rema1000.dk/81084/1-large-rQqQrkB9ea.webp"}], "prices": [{"price": 15, "price_over_max_quantity": null, "max_quantity": null, "is_advertised": false, "is_campaign": true, "starting_at": "2025-08-07T00:00:00+00:00", "ending_at": "2025-09-03T00:00:00+00:00", "deposit": null, "compare_unit": "kg", "compare_unit_price": 116.28, "consumption_unit": null, "consumption_quantity": null}], "temperature_zone": null, "is_self_scale_item": false, "is_weight_item": false, "is_available_in_all_stores": true, "is_batch_item": false}
{"id": 811066, "name": "SEAMLESS TAI L/XL", "underline": "1 PAR / RECYCLED POLYESTER", "age_limit": null, "hazard_precaution_statements": [], "labels": [], "description": null, "info": "", "images": [{"small": "https://rema-product-images.digital.rema1000.dk/811066/1-small-pyoz4ArK9X.webp", "medium": "https://rema-product-images.digital.rema1000.dk/811066/1-medium-pyoz4ArK9X.webp", "large": "https://rema-product-images.digital.rema1000.dk/811066/1-large-pyoz4ArK9X.webp"}], "prices": [{"price": 29, "price_over_max_quantity": null, "max_quantity": null, "is_advertised": false, "is_campaign": false, "starting_at": "2022-06-09T00:00:00+00:00", "ending_at": "2099-12-31T00:00:00+00:00", "deposit": null, "compare_unit": "par", "compare_unit_price": 29, "consumption_unit": null, "consumption_quantity": null}], "temperature_zone": null, "is_self_scale_item": false, "is_weight_item": false, "is_available_in_all_stores": true, "is_batch_item": false}
{"id": 811067, "name": "SEAMLESS TAI S/M", "underline": "1 STK. / RECYCLED POYLESTER", "age_limit": null, "hazard_precaution_statements": [], "labels": [], "description": null, "info": "", "images": [{"small": "https://rema-product-images.digital.rema1000.dk/811067/1-small-MNqZVQRJqA.webp", "medium": "https://rema-product-images.digital.rema1000.dk/811067/1-medium-MNqZVQRJqA.webp", "large": "https://rema-product-images.digital.rema1000.dk/811067/1-large-MNqZVQRJqA.webp"}], "prices": [{"price": 29, "price_over_max_quantity": null, "max_quantity": null, "is_advertised": false, "is_campaign": false, "starting_at": "2022-06-09T00:00:00+00:00", "ending_at": "2099-12-31T00:00:00+00:00", "deposit": null, "compare_unit": "stk", "compare_unit_price": 29, "consumption_unit": null, "consumption_quantity": null}], "temperature_zone": null, "is_self_scale_item": false, "is_weight_item": false, "is_available_in_all_stores": true, "is_batch_item": false}
{"id": 811068, "name": "SEAMLES TAI XXL", "underline": "1 STK. / RECYCLED POLYESTER", "age_limit": null, "hazard_precaution_statements": [], "labels": [], "description": null, "info": "", "images": [{"small": "https://rema-product-images.digital.rema1000.dk/811068/1-small-vXodQN1lq3.webp", "medium": "https://rema-product-images.digital.rema1000.dk/811068/1-medium-vXodQN1lq3.webp", "large": "https://rema-product-images.digital.rema1000.dk/811068/1-large-vXodQN1lq3.webp"}], "prices": [{"price": 29, "price_over_max_quantity": null, "max_quantity": null, "is_advertised": false, "is_campaign": false, "starting_at": "2022-06-09T00:00:00+00:00", "ending_at": "2099-12-31T00:00:00+00:00", "deposit": null, "compare_unit": "stk", "compare_unit_price": 29, "consumption_unit": null, "consumption_quantity": null}], "temperature_zone": null, "is_self_scale_item": false, "is_weight_item": false, "is_available_in_all_stores": true, "is_batch_item": false}
{"id": 811073, "name": "ORGANIC HIPSTER", "underline": "1 PAR / SORT STR S", "age_limit": null, "hazard_precaution_statements": [], "labels": [], "description": null, "info": "", "images": [{"small": "https://rema-product-images.digital.rema1000.dk/811073/1-small-pYqxJv58P1.webp", "medium": "https://rema-product-images.digital.rema1000.dk/811073/1-medium-pYqxJv58P1.webp", "large": "https://rema-product-images.digital.rema1000.dk/811073/1-large-pYqxJv58P1.webp"}], "prices": [{"price": 29, "price_over_max_quantity": null, "max_quantity": null, "is_advertised": false, "is_campaign": false, "starting_at": "2021-12-28T00:00:00+00:00", "ending_at": "2099-12-31T00:00:00+00:00", "deposit": null, "compare_unit": "par", "compare_unit_price": 29, "consumption_unit": null, "consumption_quantity": null}], "temperature_zone": null, "is_self_scale_item": false, "is_weight_item": false, "is_available_in_all_stores": true, "is_batch_item": false}
{"id": 811082, "name": "HIPSTER STR. S/M", "underline": "1 STK. / BAMBUS", "age_limit": null, "hazard_precaution_statements": [], "labels": [], "description": null, "info": "", "images": [{"small": "https://rema-product-images.digital.rema1000.dk/811082/1-small-MBoN6AMRov.webp", "medium": "https://rema-product-images.digital.rema1000.dk/811082/1-medium-MBoN6AMRov.webp", "large": "https://rema-product-images.digital.rema1000.dk/811082/1-large-MBoN6AMRov.webp"}], "prices": [{"price": 25, "price_over_max_quantity": null, "max_quantity": null, "is_advertised": false, "is_campaign": false, "starting_at": "2023-12-06T00:00:00+00:00", "ending_at": "2099-12-31T00:00:00+00:00", "deposit": null, "compare_unit": "stk", "compare_unit_price": 25, "consumption_unit": null, "consumption_quantity": null}], "temperature_zone": null, "is_self_scale_item": false, "is_weight_item": false, "is_available_in_all_stores": true, "is_batch_item": false}
{"id": 811083, "name": "HIPSTER STR. L/XL", "underline": "1 STK. / BAMBUS", "age_limit": null, "hazard_precaution_statements": [], "labels": [], "description": null, "info": "", "images": [{"small": "https://rema-product-images.digital.rema1000.dk/811083/1-small-zOPlXnj6PR.webp", "medium": "https://rema-product-images.digital.rema1000.dk/811083/1-medium-zOPlXnj6PR.webp", "large": "https://rema-product-images.digital.rema1000.dk/811083/1-large-zOPlXnj6PR.webp"}], "prices": [{"price": 25, "price_over_max_quantity": null, "max_quantity": null, "is_advertised": false, "is_campaign": false, "starting_at": "2023-12-06T00:00:00+00:00", "ending_at": "2099-12-31T00:00:00+00:00", "deposit": null, "compare_unit": "stk", "compare_unit_price": 25, "consumption_unit": null, "consumption_quantity": null}], "temperature_zone": null, "is_self_scale_item": false, "is_weight_item": false, "is_available_in_all_stores": true, "is_batch_item": false}
{"id": 81150, "name": "FINSK LAKRIDS", "underline": "300 GR. / REMA 1000", "age_limit": null, "hazard_precaution_statements": [], "labels": [{"id": 2, "name": "REMA1000", "image": "https://static-assets.digital.rema1000.dk/product/labels/2-64.webp"}], "description": null, "info": "", "images": [{"small": "https://rema-product-images.digital.rema1000.dk/81150/1-small-vVorlzB93z.webp", "medium": "https://rema-product-images.digital.rema1000.dk/81150/1-medium-vVorlzB93z.webp", "large": "https://rema-product-images.digital.rema1000.dk/81150/1-large-vVorlzB93z.webp"}], "prices": [{"price": 23.95, "price_over_max_quantity": null, "max_quantity": null, "is_advertised": false, "is_campaign": false, "starting_at": "2024-05-09T00:00:00+00:00", "ending_at": "2099-12-31T00:00:00+00:00", "deposit": null, "compare_unit": "kg", "compare_unit_price": 79.83, "consumption_unit": null, "consumption_quantity": null}], "temperature_zone": null, "is_self_scale_item": false, "is_weight_item": false, "is_available_in_all_stores": true, "is_batch_item": false}
{"id": 81174, "name": "SALMIAKKI", "underline": "40 GR. / FAZER", "age_limit": null, "hazard_precaution_statements": [], "labels": [], "description": null, "info": "", "images": [{"small": "https://rema-product-images.digital.rema1000.dk/81174/1-small-869DGAzqMa.webp", "medium": "https://rema-product-images.digital.rema1000.dk/81174/1-medium-869DGAzqMa.webp", "large": "https://rema-product-images.digital.rema1000.dk/81174/1-large-869DGAzqMa.webp"}], "prices": [{"price": 10.95, "price_over_max_quantity": null, "max_quantity": null, "is_advertised": false, "is_campaign": false, "starting_at": "2022-07-14T00:00:00+00:00", "ending_at": "2099-12-31T00:00:00+00:00", "deposit": null, "compare_unit": "kg", "compare_unit_price": 273.75, "consumption_unit": null, "consumption_quantity": null}], "temperature_zone": null, "is_self_scale_item": false, "is_weight_item": false, "is_available_in_all_stores": true, "is_batch_item": false}
{"id": 81187, "name": "GODT & BLANDET", "underline": "180 GR. / MALACO, ORIGINAL", "age_limit": null, "hazard_precaution_statements": [], "labels": [], "description": null, "info": "", "images": [{"small": "https://rema-product-images.digital.rema1000.dk/81187/1-small-dyomGGY9Vm.webp", "medium": "https://rema-product-images.digital.rema1000.dk/81187/1-medium-dyomGGY9Vm.webp", "large": "https://rema-product-images.digital.rema1000.dk/81187/1-large-dyomGGY9Vm.webp"}], "prices": [{"price": 24, "price_over_max_quantity": null, "max_quantity": null, "is_advertised": false, "is_campaign": false, "starting_at": "2024-03-14T00:00:00+00:00", "ending_at": "2099-12-31T00:00:00+00:00", "deposit": null, "compare_unit": "kg", "compare_unit_price": 133.33, "consumption_unit": null, "consumption_quantity": null}], "temperature_zone": null, "is_self_scale_item": false, "is_weight_item": false, "is_available_in_all_stores": true, "is_batch_item": false}
{"id": 81188, "name": "FAMILIE GUF", "underline": "180 GR. / MALACO", "age_limit": null, "hazard_precaution_statements": [], "labels": [], "description": null, "info": "", "images": [{"small": "https://rema-product-images.digital.rema1000.dk/81188/1-small-xePwMMJqw8.webp", "medium": "https://rema-product-images.digital.rema1000.dk/81188/1-medium-xePwMMJqw8.webp", "large": "https://rema-product-images.digital.rema1000.dk/81188/1-large-xePwMMJqw8.webp"}], "prices": [{"price": 24, "price_over_max_quantity": null, "max_quantity": null, "is_advertised": false, "is_campaign": false, "starting_at": "2024-03-14T00:00:00+00:00", "ending_at": "2099-12-31T00:00:00+00:00", "deposit": null, "compare_unit": "kg", "compare_unit_price": 133.33, "consumption_unit": null, "consumption_quantity": null}], "temperature_zone": null, "is_self_scale_item": false, "is_weight_item": false, "is_available_in_all_stores": true, "is_batch_item": false}
{"id": 81265, "name": "SALT LAKRIDS MIX", "underline": "235 GR. / REMA 1000", "age_limit": null, "hazard_precaution_statements": [], "labels": [{"id": 2, "name": "REMA1000", "image": "https://static-assets.digital.rema1000.dk/product/labels/2-64.webp"}], "description": null, "info": "", "images": [{"small": "https://rema-product-images.digital.rema1000.dk/81265/1-small-bJ9YvGvPL5.webp", "medium": "https://rema-product-images.digital.rema1000.dk/81265/1-medium-bJ9YvGvPL5.webp", "large": "https://rema-product-images.digital.rema1000.dk/81265/1-large-bJ9YvGvPL5.webp"}], "prices": [{"price": 25, "price_over_max_quantity": null, "max_quantity": null, "is_advertised": false, "is_campaign": false, "starting_at": "2023-02-09T00:00:00+00:00", "ending_at": "2099-12-31T00:00:00+00:00", "deposit": null, "compare_unit": "kg", "compare_unit_price": 106.38, "consumption_unit": null, "consumption_quantity": null}], "temperature_zone": null, "is_self_scale_item": false, "is_weight_item": false, "is_available_in_all_stores": true, "is_batch_item": false}
{"id": 81295, "name": "WEEKEND SLIK", "underline": "123 GR. / NØRREGADE", "age_limit": null, "hazard_precaution_statements": [], "labels": [], "description": null, "info": "", "images": [{"small": "https://rema-product-images.digital.rema1000.dk/81295/1-small-v09gaGeoAW.webp", "medium": "https://rema-product-images.digital.rema1000.dk/81295/1-medium-v09gaGeoAW.webp", "large": "https://rema-product-images.digital.rema1000.dk/81295/1-large-v09gaGeoAW.webp"}], "prices": [{"price": 24, "price_over_max_quantity": null, "max_quantity": null, "is_advertised": false, "is_campaign": false, "starting_at": "2024-08-08T00:00:00+00:00", "ending_at": "2099-12-31T00:00:00+00:00", "deposit": null, "compare_unit": "kg", "compare_unit_price": 195.12, "consumption_unit": null, "consumption_quantity": null}], "temperature_zone": null, "is_self_scale_item": false, "is_weight_item": false, "is_available_in_all_stores": true, "is_batch_item": false}
{"id": 81366, "name": "DRUESUKKER", "underline": "47 GR. / REMA 1000", "age_limit": null, "hazard_precaution_statements": [], "labels": [{"id": 2, "name": "REMA1000", "image": "https://static-assets.digital.rema1000.dk/product/labels/2-64.webp"}], "description": null, "info": "", "images": [{"small": "https://rema-product-images.digital.rema1000.dk/81366/1-small-pyoz1dVPXn.webp", "medium": "https://rema-product-images.digital.rema1000.dk/81366/1-medium-pyoz1dVPXn.webp", "large": "https://rema-product-images.digital.rema1000.dk/81366/1-large-pyoz1dVPXn.webp"}], "prices": [{"price": 7, "price_over_max_quantity": null, "max_quantity": null, "is_advertised": false, "is_campaign": false, "starting_at": "2023-02-16T00:00:00+00:00", "ending_at": "2099-12-31T00:00:00+00:00", "deposit": null, "compare_unit": "kg", "compare_unit_price": 148.94, "consumption_unit": null, "consumption_quantity": null}], "temperature_zone": null, "is_self_scale_item": false, "is_weight_item": false, "is_available_in_all_stores": true, "is_batch_item": false}
{"id": 81374, "name": "FRUGTPASTILLER", "underline": "20 GR. / LEMON RASPBERRY FLAVOUR", "age_limit": null, "hazard_precaution_statements": [], "labels": [{"id": 2, "name": "REMA1000", "image": "https://static-assets.digital.rema1000.dk/product/labels/2-64.webp"}, {"id": 31, "name": "Ikke tilsat sukker", "image": "https://static-assets.digital.rema1000.dk/product/labels/31-64.webp"}], "description": null, "info": "", "images": [{"small": "https://rema-product-images.digital.rema1000.dk/81374/1-small-869Db7MoMa.webp", "medium": "https://rema-product-images.digital.rema1000.dk/81374/1-medium-869Db7MoMa.webp", "large": "https://rema-product-images.digital.rema1000.dk/81374/1-large-869Db7MoMa.webp"}], "prices": [{"price": 11.95, "price_over_max_quantity": null, "max_quantity": null, "is_advertised": false, "is_campaign": false, "starting_at": "2022-06-22T00:00:00+00:00", "ending_at": "2099-12-31T00:00:00+00:00", "deposit": null, "compare_unit": "kg", "compare_unit_price": 597.5, "consumption_unit": null, "consumption_quantity": null}], "temperature_zone": null, "is_self_scale_item": false, "is_weight_item": false, "is_available_in_all_stores": true, "is_batch_item": false}
{"id": 81376, "name": "MARIEHØNER ROM", "underline": "23 GR. / SPANGSBERG", "age_limit": null, "hazard_precaution_statements": [], "labels": [], "description": null, "info": "", "images": [{"small": "https://rema-product-images.digital.rema1000.dk/81376/1-small-nDPWWJOPWa.webp", "medium": "https://rema-product-images.digital.rema1000.dk/81376/1-medium-nDPWWJOPWa.webp", "large": "https://rema-product-images.digital.rema1000.dk/81376/1-large-nDPWWJOPWa.webp"}], "prices": [{"price": 5, "price_over_max_quantity": null, "max_quantity": null, "is_advertised": false, "is_campaign": false, "starting_at": "2025-03-27T00:00:00+00:00", "ending_at": "2099-12-31T00:00:00+00:00", "deposit": null, "compare_unit": "kg", "compare_unit_price": 217.39, "consumption_unit": null, "consumption_quantity": null}], "temperature_zone": null, "is_self_scale_item": false, "is_weight_item": false, "is_available_in_all_stores": true, "is_batch_item": false}
{"id": 81389, "name": "KAKAO MOUSSE", "underline": "100 GR. / RITTER SPORT", "age_limit": null, "hazard_precaution_statements": [], "labels": [{"id": 9001, "name": "Avisvare", "image": "https://static-assets.digital.rema1000.dk/product/labels/9001-64.webp"}, {"id": 95, "name": "Rainforest Alliance", "image": "https://static-assets.digital.rema1000.dk/product/labels/95-64.webp"}], "description": "Chokolade med kakao mousse  Alpinmælkechokolade med kakaomoussefyld (40%).", "info": "", "images": [{"small": "https://rema-product-images.digital.rema1000.dk/81389/1-small-ElPBV1JPkG.webp", "medium": "https://rema-product-images.digital.rema1000.dk/81389/1-medium-ElPBV1JPkG.webp", "large": "https://rema-product-images.digital.rema1000.dk/81389/1-large-ElPBV1JPkG.webp"}, {"small": "https://rema-product-images.digital.rema1000.dk/81389/2-small-ElPBV1JPkG.webp", "medium": "https://rema-product-images.digital.rema1000.dk/81389/2-medium-ElPBV1JPkG.webp", "large": "https://rema-product-images.digital.rema1000.dk/81389/2-large-ElPBV1JPkG.webp"}], "prices": [{"price": 20, "price_over_max_quantity": null, "max_quantity": null, "is_advertised": true, "is_campaign": false, "starting_at": "2025-08-17T00:00:00+00:00", "ending_at": "2025-11-15T00:00:00+00:00", "deposit": null, "compare_unit": "kg", "compare_unit_price": 200, "consumption_unit": null, "consumption_quantity": null}], "temperature_zone": null, "is_self_scale_item": false, "is_weight_item": false, "is_available_in_all_stores": true, "is_batch_item": true}
{"id": 81398, "name": "MØRK CHOKOLADE 70%", "underline": "100 GR. / REMA 1000", "age_limit": null, "hazard_precaution_statements": [], "labels": [{"id": 2, "name": "REMA1000", "image": "https://static-assets.digital.rema1000.dk/product/labels/2-64.webp"}, {"id": 5, "name": "Økologi", "image": "https://static-assets.digital.rema1000.dk/product/labels/5-64.webp"}], "description": null, "info": "", "images": [{"small": "https://rema-product-images.digital.rema1000.dk/81398/1-small-Al90kWkq8w.webp", "medium": "https://rema-product-images.digital.rema1000.dk/81398/1-medium-Al90kWkq8w.webp", "large": "https://rema-product-images.digital.rema1000.dk/81398/1-large-Al90kWkq8w.webp"}], "prices": [{"price": 28.95, "price_over_max_quantity": null, "max_quantity": null, "is_advertised": false, "is_campaign": false, "starting_at": "2025-01-30T00:00:00+00:00", "ending_at": "2099-12-31T00:00:00+00:00", "deposit": null, "compare_unit": "kg", "compare_unit_price": 289.5, "consumption_unit": null, "consumption_quantity": null}], "temperature_zone": null, "is_self_scale_item": false, "is_weight_item": false, "is_available_in_all_stores": true, "is_batch_item": false}
{"id": 81417, "name": "PASTILLER", "underline": "50 GR. / REMA 1000, HINDBÆR-LAKRIDS", "age_limit": null, "hazard_precaution_statements": [], "labels": [{"id": 2, "name": "REMA1000", "image": "https://static-assets.digital.rema1000.dk/product/labels/2-64.webp"}, {"id": 31, "name": "Ikke tilsat sukker", "image": "https://static-assets.digital.rema1000.dk/product/labels/31-64.webp"}], "description": null, "info": "", "images": [{"small": "https://rema-product-images.digital.rema1000.dk/81417/1-small-Z8qpRpGP3N.webp", "medium": "https://rema-product-images.digital.rema1000.dk/81417/1-medium-Z8qpRpGP3N.webp", "large": "https://rema-product-images.digital.rema1000.dk/81417/1-large-Z8qpRpGP3N.webp"}], "prices": [{"price": 10, "price_over_max_quantity": null, "max_quantity": null, "is_advertised": false, "is_campaign": false, "starting_at": "2022-06-22T00:00:00+00:00", "ending_at": "2099-12-31T00:00:00+00:00", "deposit": null, "compare_unit": "kg", "compare_unit_price": 200, "consumption_unit": null, "consumption_quantity": null}], "temperature_zone": null, "is_self_scale_item": false, "is_weight_item": false, "is_available_in_all_stores": true, "is_batch_item": false}
{"id": 81442, "name": "I LIKE MIX", "underline": "275 GR. / HARIBO", "age_limit": null, "hazard_precaution_statements": [], "labels": [], "description": null, "info": "", "images": [{"small": "https://rema-product-images.digital.rema1000.dk/81442/1-small-A4Pydld9LV.webp", "medium": "https://rema-product-images.digital.rema1000.dk/81442/1-medium-A4Pydld9LV.webp", "large": "https://rema-product-images.digital.rema1000.dk/81442/1-large-A4Pydld9LV.webp"}], "prices": [{"price": 27.5, "price_over_max_quantity": null, "max_quantity": null, "is_advertised": false, "is_campaign": true, "starting_at": "2025-08-14T00:00:00+00:00", "ending_at": "2025-09-03T00:00:00+00:00", "deposit": null, "compare_unit": "kg", "compare_unit_price": 100, "consumption_unit": null, "consumption_quantity": null}], "temperature_zone": null, "is_self_scale_item": false, "is_weight_item": false, "is_available_in_all_stores": true, "is_batch_item": false}
{"id": 81463, "name": "SLIKKEPINDE", "underline": "100 GR. / REMA 1000", "age_limit": null, "hazard_precaution_statements": [], "labels": [{"id": 2, "name": "REMA1000", "image": "https://static-assets.digital.rema1000.dk/product/labels/2-64.webp"}], "description": null, "info": "", "images": [{"small": "https://rema-product-images.digital.rema1000.dk/81463/1-small-rDq6E34obW.webp", "medium": "https://rema-product-images.digital.rema1000.dk/81463/1-medium-rDq6E34obW.webp", "large": "https://rema-product-images.digital.rema1000.dk/81463/1-large-rDq6E34obW.webp"}], "prices": [{"price": 11.95, "price_over_max_quantity": null, "max_quantity": null, "is_advertised": false, "is_campaign": false, "starting_at": "2023-02-16T00:00:00+00:00", "ending_at": "2099-12-31T00:00:00+00:00", "deposit": null, "compare_unit": "kg", "compare_unit_price": 119.5, "consumption_unit": null, "consumption_quantity": null}], "temperature_zone": null, "is_self_scale_item": false, "is_weight_item": false, "is_available_in_all_stores": true, "is_batch_item": false}
{"id": 81497, "name": "ORIGINAL HIT", "underline": "129 GR. / GO'E STÆNGER", "age_limit": null, "hazard_precaution_statements": [], "labels": [], "description": null, "info": "", "images": [{"small": "https://rema-product-images.digital.rema1000.dk/81497/1-small-aboKe1G9pM.webp", "medium": "https://rema-product-images.digital.rema1000.dk/81497/1-medium-aboKe1G9pM.webp", "large": "https://rema-product-images.digital.rema1000.dk/81497/1-large-aboKe1G9pM.webp"}], "prices": [{"price": 15, "price_over_max_quantity": null, "max_quantity": null, "is_advertised": false, "is_campaign": true, "starting_at": "2025-08-07T00:00:00+00:00", "ending_at": "2025-09-03T00:00:00+00:00", "deposit": null, "compare_unit": "kg", "compare_unit_price": 116.28, "consumption_unit": null, "consumption_quantity": null}], "temperature_zone": null, "is_self_scale_item": false, "is_weight_item": false, "is_available_in_all_stores": true, "is_batch_item": false}
{"id": 81520, "name": "ORANGESTÆNGER", "underline": "52 GR. / TOMS", "age_limit": null, "hazard_precaution_statements": [], "labels": [], "description": null, "info": "", "images": [{"small": "https://rema-product-images.digital.rema1000.dk/81520/1-small-AKqe5QZqp1.webp", "medium": "https://rema-product-images.digital.rema1000.dk/81520/1-medium-AKqe5QZqp1.webp", "large": "https://rema-product-images.digital.rema1000.dk/81520/1-large-AKqe5QZqp1.webp"}], "prices": [{"price": 18.95, "price_over_max_quantity": null, "max_quantity": null, "is_advertised": false, "is_campaign": false, "starting_at": "2025-02-06T00:00:00+00:00", "ending_at": "2099-12-31T00:00:00+00:00", "deposit": null, "compare_unit": "kg", "compare_unit_price": 364.42, "consumption_unit": null, "consumption_quantity": null}], "temperature_zone": null, "is_self_scale_item": false, "is_weight_item": false, "is_available_in_all_stores": true, "is_batch_item": false}
{"id": 81561, "name": "VANILJE FUDGE", "underline": "170 GR. / REMA 1000", "age_limit": null, "hazard_precaution_statements": [], "labels": [{"id": 9001, "name": "Avisvare", "image": "https://static-assets.digital.rema1000.dk/product/labels/9001-64.webp"}, {"id": 2, "name": "REMA1000", "image": "https://static-assets.digital.rema1000.dk/product/labels/2-64.webp"}], "description": null, "info": "", "images": [{"small": "https://rema-product-images.digital.rema1000.dk/81561/1-small-Z8qpRA0P3N.webp", "medium": "https://rema-product-images.digital.rema1000.dk/81561/1-medium-Z8qpRA0P3N.webp", "large": "https://rema-product-images.digital.rema1000.dk/81561/1-large-Z8qpRA0P3N.webp"}], "prices": [{"price": 15, "price_over_max_quantity": null, "max_quantity": null, "is_advertised": true, "is_campaign": true, "starting_at": "2025-08-17T00:00:00+00:00", "ending_at": "2025-08-23T00:00:00+00:00", "deposit": null, "compare_unit": "kg", "compare_unit_price": 88.24, "consumption_unit": null, "consumption_quantity": null}, {"price": 20.95, "price_over_max_quantity": null, "max_quantity": null, "is_advertised": false, "is_campaign": false, "starting_at": "2025-08-24T00:00:00+00:00", "ending_at": "2099-12-31T00:00:00+00:00", "deposit": null, "compare_unit": "kg", "compare_unit_price": 123.24, "consumption_unit": null, "consumption_quantity": null}], "temperature_zone": null, "is_self_scale_item": false, "is_weight_item": false, "is_available_in_all_stores": true, "is_batch_item": false}
{"id": 81562, "name": "LAKRIDS FUDGE", "underline": "170 GR. / REMA 1000", "age_limit": null, "hazard_precaution_statements": [], "labels": [{"id": 9001, "name": "Avisvare", "image": "https://static-assets.digital.rema1000.dk/product/labels/9001-64.webp"}, {"id": 2, "name": "REMA1000", "image": "https://static-assets.digital.rema1000.dk/product/labels/2-64.webp"}], "description": null, "info": "", "images": [{"small": "https://rema-product-images.digital.rema1000.dk/81562/1-small-2B94lp69kM.webp", "medium": "https://rema-product-images.digital.rema1000.dk/81562/1-medium-2B94lp69kM.webp", "large": "https://rema-product-images.digital.rema1000.dk/81562/1-large-2B94lp69kM.webp"}], "prices": [{"price": 15, "price_over_max_quantity": null, "max_quantity": null, "is_advertised": true, "is_campaign": false, "starting_at": "2025-08-17T00:00:00+00:00", "ending_at": "2025-11-15T00:00:00+00:00", "deposit": null, "compare_unit": "kg", "compare_unit_price": 88.24, "consumption_unit": null, "consumption_quantity": null}], "temperature_zone": null, "is_self_scale_item": false, "is_weight_item": false, "is_available_in_all_stores": true, "is_batch_item": true}
{"id": 81737, "name": "SKOLEKRIDT", "underline": "110 GR. / FAZER", "age_limit": null, "hazard_precaution_statements": [], "labels": [], "description": null, "info": "", "images": [{"small": "https://rema-product-images.digital.rema1000.dk/81737/1-small-JzPJmdB9kb.webp", "medium": "https://rema-product-images.digital.rema1000.dk/81737/1-medium-JzPJmdB9kb.webp", "large": "https://rema-product-images.digital.rema1000.dk/81737/1-large-JzPJmdB9kb.webp"}], "prices": [{"price": 18.95, "price_over_max_quantity": null, "max_quantity": null, "is_advertised": false, "is_campaign": false, "starting_at": "2024-10-31T00:00:00+00:00", "ending_at": "2099-12-31T00:00:00+00:00", "deposit": null, "compare_unit": "kg", "compare_unit_price": 172.27, "consumption_unit": null, "consumption_quantity": null}], "temperature_zone": null, "is_self_scale_item": false, "is_weight_item": false, "is_available_in_all_stores": true, "is_batch_item": false}
{"id": 81798, "name": "MÆLK MED HASSELNØD", "underline": "100 GR. / RITTER SPORT", "age_limit": null, "hazard_precaution_statements": [], "labels": [{"id": 9001, "name": "Avisvare", "image": "https://static-assets.digital.rema1000.dk/product/labels/9001-64.webp"}, {"id": 95, "name": "Rainforest Alliance", "image": "https://static-assets.digital.rema1000.dk/product/labels/95-64.webp"}], "description": "Mælkechokolade med hele hasselnødder (23%). Mindst 30% kakaotørstof i chokoladen.", "info": "", "images": [{"small": "https://rema-product-images.digital.rema1000.dk/81798/1-small-Al90ka3q8w.webp", "medium": "https://rema-product-images.digital.rema1000.dk/81798/1-medium-Al90ka3q8w.webp", "large": "https://rema-product-images.digital.rema1000.dk/81798/1-large-Al90ka3q8w.webp"}, {"small": "https://rema-product-images.digital.rema1000.dk/81798/2-small-Al90ka3q8w.webp", "medium": "https://rema-product-images.digital.rema1000.dk/81798/2-medium-Al90ka3q8w.webp", "large": "https://rema-product-images.digital.rema1000.dk/81798/2-large-Al90ka3q8w.webp"}], "prices": [{"price": 20, "price_over_max_quantity": null, "max_quantity": null, "is_advertised": true, "is_campaign": false, "starting_at": "2025-08-17T00:00:00+00:00", "ending_at": "2025-11-15T00:00:00+00:00", "deposit": null, "compare_unit": "kg", "compare_unit_price": 200, "consumption_unit": null, "consumption_quantity": null}], "temperature_zone": null, "is_self_scale_item": false, "is_weight_item": false, "is_available_in_all_stores": true, "is_batch_item": true}
{"id": 81865, "name": "CHOKOLADE 72%", "underline": "100 GR. / REMA 1000, ORANGE", "age_limit": null, "hazard_precaution_statements": [], "labels": [{"id": 2, "name": "REMA1000", "image": "https://static-assets.digital.rema1000.dk/product/labels/2-64.webp"}, {"id": 95, "name": "Rainforest Alliance", "image": "https://static-assets.digital.rema1000.dk/product/labels/95-64.webp"}], "description": null, "info": "", "images": [{"small": "https://rema-product-images.digital.rema1000.dk/81865/1-small-bJ9YGYWoL5.webp", "medium": "https://rema-product-images.digital.rema1000.dk/81865/1-medium-bJ9YGYWoL5.webp", "large": "https://rema-product-images.digital.rema1000.dk/81865/1-large-bJ9YGYWoL5.webp"}], "prices": [{"price": 22.95, "price_over_max_quantity": null, "max_quantity": null, "is_advertised": false, "is_campaign": false, "starting_at": "2025-01-30T00:00:00+00:00", "ending_at": "2099-12-31T00:00:00+00:00", "deposit": null, "compare_unit": "kg", "compare_unit_price": 229.5, "consumption_unit": null, "consumption_quantity": null}], "temperature_zone": null, "is_self_scale_item": false, "is_weight_item": false, "is_available_in_all_stores": true, "is_batch_item": false}
{"id": 81882, "name": "CLICK MIX", "underline": "250 GR. / HARIBO", "age_limit": null, "hazard_precaution_statements": [], "labels": [], "description": null, "info": "", "images": [{"small": "https://rema-product-images.digital.rema1000.dk/81882/1-small-MBoNZaZovA.webp", "medium": "https://rema-product-images.digital.rema1000.dk/81882/1-medium-MBoNZaZovA.webp", "large": "https://rema-product-images.digital.rema1000.dk/81882/1-large-MBoNZaZovA.webp"}], "prices": [{"price": 25, "price_over_max_quantity": null, "max_quantity": null, "is_advertised": false, "is_campaign": true, "starting_at": "2025-08-14T00:00:00+00:00", "ending_at": "2025-09-03T00:00:00+00:00", "deposit": null, "compare_unit": "kg", "compare_unit_price": 100, "consumption_unit": null, "consumption_quantity": null}], "temperature_zone": null, "is_self_scale_item": false, "is_weight_item": false, "is_available_in_all_stores": true, "is_batch_item": false}
{"id": 81965, "name": "KICK ORIGINAL", "underline": "19 GR. / MALACO", "age_limit": null, "hazard_precaution_statements": [], "labels": [], "description": null, "info": "", "images": [{"small": "https://rema-product-images.digital.rema1000.dk/81965/1-small-bJ9YG5koL5.webp", "medium": "https://rema-product-images.digital.rema1000.dk/81965/1-medium-bJ9YG5koL5.webp", "large": "https://rema-product-images.digital.rema1000.dk/81965/1-large-bJ9YG5koL5.webp"}], "prices": [{"price": 6, "price_over_max_quantity": null, "max_quantity": null, "is_advertised": false, "is_campaign": false, "starting_at": "2023-02-09T00:00:00+00:00", "ending_at": "2099-12-31T00:00:00+00:00", "deposit": null, "compare_unit": "kg", "compare_unit_price": 315.79, "consumption_unit": null, "consumption_quantity": null}], "temperature_zone": null, "is_self_scale_item": false, "is_weight_item": false, "is_available_in_all_stores": true, "is_batch_item": false}
{"id": 81966, "name": "SKIPPER'S PIPES", "underline": "17 GR. / MALACO, ORIGINAL", "age_limit": null, "hazard_precaution_statements": [], "labels": [], "description": null, "info": "", "images": [{"small": "https://rema-product-images.digital.rema1000.dk/81966/1-small-pyoz1KwPXn.webp", "medium": "https://rema-product-images.digital.rema1000.dk/81966/1-medium-pyoz1KwPXn.webp", "large": "https://rema-product-images.digital.rema1000.dk/81966/1-large-pyoz1KwPXn.webp"}], "prices": [{"price": 6, "price_over_max_quantity": null, "max_quantity": null, "is_advertised": false, "is_campaign": false, "starting_at": "2023-02-09T00:00:00+00:00", "ending_at": "2099-12-31T00:00:00+00:00", "deposit": null, "compare_unit": "kg", "compare_unit_price": 352.94, "consumption_unit": null, "consumption_quantity": null}], "temperature_zone": null, "is_self_scale_item": false, "is_weight_item": false, "is_available_in_all_stores": true, "is_batch_item": false}
{"id": 82011, "name": "SNØRE KARAMEL", "underline": "94 GR. / MALACO", "age_limit": null, "hazard_precaution_statements": [], "labels": [], "description": null, "info": "", "images": [{"small": "https://rema-product-images.digital.rema1000.dk/82011/1-small-A5qV2LpqaQ.webp", "medium": "https://rema-product-images.digital.rema1000.dk/82011/1-medium-A5qV2LpqaQ.webp", "large": "https://rema-product-images.digital.rema1000.dk/82011/1-large-A5qV2LpqaQ.webp"}], "prices": [{"price": 18.5, "price_over_max_quantity": null, "max_quantity": null, "is_advertised": false, "is_campaign": false, "starting_at": "2024-03-14T00:00:00+00:00", "ending_at": "2099-12-31T00:00:00+00:00", "deposit": null, "compare_unit": "kg", "compare_unit_price": 196.81, "consumption_unit": null, "consumption_quantity": null}], "temperature_zone": null, "is_self_scale_item": false, "is_weight_item": false, "is_available_in_all_stores": true, "is_batch_item": false}
{"id": 82105, "name": "CRAZY FROGS", "underline": "70 GR. / EVERS", "age_limit": null, "hazard_precaution_statements": [], "labels": [{"id": 31, "name": "Ikke tilsat sukker", "image": "https://static-assets.digital.rema1000.dk/product/labels/31-64.webp"}], "description": null, "info": "", "images": [{"small": "https://rema-product-images.digital.rema1000.dk/82105/1-small-xQq8BKgPZd.webp", "medium": "https://rema-product-images.digital.rema1000.dk/82105/1-medium-xQq8BKgPZd.webp", "large": "https://rema-product-images.digital.rema1000.dk/82105/1-large-xQq8BKgPZd.webp"}], "prices": [{"price": 14.95, "price_over_max_quantity": null, "max_quantity": null, "is_advertised": false, "is_campaign": false, "starting_at": "2023-03-16T00:00:00+00:00", "ending_at": "2099-12-31T00:00:00+00:00", "deposit": null, "compare_unit": "kg", "compare_unit_price": 213.57, "consumption_unit": null, "consumption_quantity": null}], "temperature_zone": null, "is_self_scale_item": false, "is_weight_item": false, "is_available_in_all_stores": true, "is_batch_item": false}
{"id": 82243, "name": "NATURAL BASED GUM", "underline": "24 GR. / REMA 1000, PEPPERMINT", "age_limit": null, "hazard_precaution_statements": [], "labels": [{"id": 2, "name": "REMA1000", "image": "https://static-assets.digital.rema1000.dk/product/labels/2-64.webp"}, {"id": 31, "name": "Ikke tilsat sukker", "image": "https://static-assets.digital.rema1000.dk/product/labels/31-64.webp"}], "description": null, "info": "", "images": [{"small": "https://rema-product-images.digital.rema1000.dk/82243/1-small-dyomXRYPVm.webp", "medium": "https://rema-product-images.digital.rema1000.dk/82243/1-medium-dyomXRYPVm.webp", "large": "https://rema-product-images.digital.rema1000.dk/82243/1-large-dyomXRYPVm.webp"}], "prices": [{"price": 10, "price_over_max_quantity": null, "max_quantity": null, "is_advertised": false, "is_campaign": false, "starting_at": "2021-12-16T00:00:00+00:00", "ending_at": "2099-12-31T00:00:00+00:00", "deposit": null, "compare_unit": "kg", "compare_unit_price": 416.67, "consumption_unit": null, "consumption_quantity": null}], "temperature_zone": null, "is_self_scale_item": false, "is_weight_item": false, "is_available_in_all_stores": true, "is_batch_item": false}
{"id": 82301, "name": "FYLDTE FAVORITTER", "underline": "100 GR. / SPANGSBERG", "age_limit": null, "hazard_precaution_statements": [], "labels": [], "description": null, "info": "", "images": [{"small": "https://rema-product-images.digital.rema1000.dk/82301/1-small-ElPBV5QPkG.webp", "medium": "https://rema-product-images.digital.rema1000.dk/82301/1-medium-ElPBV5QPkG.webp", "large": "https://rema-product-images.digital.rema1000.dk/82301/1-large-ElPBV5QPkG.webp"}], "prices": [{"price": 27, "price_over_max_quantity": null, "max_quantity": null, "is_advertised": false, "is_campaign": false, "starting_at": "2024-08-01T00:00:00+00:00", "ending_at": "2099-12-31T00:00:00+00:00", "deposit": null, "compare_unit": "kg", "compare_unit_price": 270, "consumption_unit": null, "consumption_quantity": null}], "temperature_zone": null, "is_self_scale_item": false, "is_weight_item": false, "is_available_in_all_stores": true, "is_batch_item": false}
{"id": 82309, "name": "POLO", "underline": "34 GR.", "age_limit": null, "hazard_precaution_statements": [], "labels": [], "description": null, "info": "", "images": [{"small": "https://rema-product-images.digital.rema1000.dk/82309/1-small-aboKebn9pM.webp", "medium": "https://rema-product-images.digital.rema1000.dk/82309/1-medium-aboKebn9pM.webp", "large": "https://rema-product-images.digital.rema1000.dk/82309/1-large-aboKebn9pM.webp"}], "prices": [{"price": 7.95, "price_over_max_quantity": null, "max_quantity": null, "is_advertised": false, "is_campaign": false, "starting_at": "2023-02-09T00:00:00+00:00", "ending_at": "2099-12-31T00:00:00+00:00", "deposit": null, "compare_unit": "kg", "compare_unit_price": 233.82, "consumption_unit": null, "consumption_quantity": null}], "temperature_zone": null, "is_self_scale_item": false, "is_weight_item": false, "is_available_in_all_stores": true, "is_batch_item": false}
{"id": 82313, "name": "LAKRIDSPASTILLER", "underline": "25 GR. / REMA 1000", "age_limit": null, "hazard_precaution_statements": [], "labels": [{"id": 2, "name": "REMA1000", "image": "https://static-assets.digital.rema1000.dk/product/labels/2-64.webp"}], "description": null, "info": "", "images": [{"small": "https://rema-product-images.digital.rema1000.dk/82313/1-small-wyPbBNVPEm.webp", "medium": "https://rema-product-images.digital.rema1000.dk/82313/1-medium-wyPbBNVPEm.webp", "large": "https://rema-product-images.digital.rema1000.dk/82313/1-large-wyPbBNVPEm.webp"}], "prices": [{"price": 4, "price_over_max_quantity": null, "max_quantity": null, "is_advertised": false, "is_campaign": false, "starting_at": "2023-02-16T00:00:00+00:00", "ending_at": "2099-12-31T00:00:00+00:00", "deposit": null, "compare_unit": "kg", "compare_unit_price": 160, "consumption_unit": null, "consumption_quantity": null}], "temperature_zone": null, "is_self_scale_item": false, "is_weight_item": false, "is_available_in_all_stores": true, "is_batch_item": false}
{"id": 82316, "name": "PASTILLER MINTSMAG", "underline": "33 GR. / REMA 1000", "age_limit": null, "hazard_precaution_statements": [], "labels": [{"id": 2, "name": "REMA1000", "image": "https://static-assets.digital.rema1000.dk/product/labels/2-64.webp"}], "description": null, "info": "", "images": [{"small": "https://rema-product-images.digital.rema1000.dk/82316/1-small-6xqA0MYoDr.webp", "medium": "https://rema-product-images.digital.rema1000.dk/82316/1-medium-6xqA0MYoDr.webp", "large": "https://rema-product-images.digital.rema1000.dk/82316/1-large-6xqA0MYoDr.webp"}], "prices": [{"price": 6, "price_over_max_quantity": null, "max_quantity": null, "is_advertised": false, "is_campaign": false, "starting_at": "2023-02-16T00:00:00+00:00", "ending_at": "2099-12-31T00:00:00+00:00", "deposit": null, "compare_unit": "kg", "compare_unit_price": 181.82, "consumption_unit": null, "consumption_quantity": null}], "temperature_zone": null, "is_self_scale_item": false, "is_weight_item": false, "is_available_in_all_stores": true, "is_batch_item": false}
{"id": 82350, "name": "SUPER FLYERS", "underline": "45 GR.", "age_limit": null, "hazard_precaution_statements": [], "labels": [], "description": null, "info": "", "images": [{"small": "https://rema-product-images.digital.rema1000.dk/82350/1-small-vVorpmv93z.webp", "medium": "https://rema-product-images.digital.rema1000.dk/82350/1-medium-vVorpmv93z.webp", "large": "https://rema-product-images.digital.rema1000.dk/82350/1-large-vVorpmv93z.webp"}], "prices": [{"price": 13.5, "price_over_max_quantity": null, "max_quantity": null, "is_advertised": false, "is_campaign": false, "starting_at": "2023-02-09T00:00:00+00:00", "ending_at": "2099-12-31T00:00:00+00:00", "deposit": null, "compare_unit": "kg", "compare_unit_price": 300, "consumption_unit": null, "consumption_quantity": null}], "temperature_zone": null, "is_self_scale_item": false, "is_weight_item": false, "is_available_in_all_stores": true, "is_batch_item": false}
{"id": 82442, "name": "BISCUIT BAR", "underline": "30 GR. / EASIS, TOFFEE", "age_limit": null, "hazard_precaution_statements": [], "labels": [{"id": 31, "name": "Ikke tilsat sukker", "image": "https://static-assets.digital.rema1000.dk/product/labels/31-64.webp"}], "description": null, "info": "", "images": [{"small": "https://rema-product-images.digital.rema1000.dk/82442/1-small-A4Pyd4k9LV.webp", "medium": "https://rema-product-images.digital.rema1000.dk/82442/1-medium-A4Pyd4k9LV.webp", "large": "https://rema-product-images.digital.rema1000.dk/82442/1-large-A4Pyd4k9LV.webp"}], "prices": [{"price": 12.95, "price_over_max_quantity": null, "max_quantity": null, "is_advertised": false, "is_campaign": false, "starting_at": "2025-08-17T00:00:00+00:00", "ending_at": "2099-12-31T00:00:00+00:00", "deposit": null, "compare_unit": "kg", "compare_unit_price": 431.67, "consumption_unit": null, "consumption_quantity": null}], "temperature_zone": null, "is_self_scale_item": false, "is_weight_item": false, "is_available_in_all_stores": true, "is_batch_item": false}
{"id": 82455, "name": "TAPPSY", "underline": "100 GR. / KATJES", "age_limit": null, "hazard_precaution_statements": [], "labels": [], "description": null, "info": "", "images": [{"small": "https://rema-product-images.digital.rema1000.dk/82455/1-small-A5qV2jwqaQ.webp", "medium": "https://rema-product-images.digital.rema1000.dk/82455/1-medium-A5qV2jwqaQ.webp", "large": "https://rema-product-images.digital.rema1000.dk/82455/1-large-A5qV2jwqaQ.webp"}], "prices": [{"price": 15.95, "price_over_max_quantity": null, "max_quantity": null, "is_advertised": false, "is_campaign": false, "starting_at": "2024-07-04T00:00:00+00:00", "ending_at": "2099-12-31T00:00:00+00:00", "deposit": null, "compare_unit": "kg", "compare_unit_price": 159.5, "consumption_unit": null, "consumption_quantity": null}], "temperature_zone": null, "is_self_scale_item": false, "is_weight_item": false, "is_available_in_all_stores": true, "is_batch_item": false}
{"id": 82468, "name": "SALTE FISK", "underline": "100 GR. / KATJES", "age_limit": null, "hazard_precaution_statements": [], "labels": [], "description": null, "info": "", "images": [{"small": "https://rema-product-images.digital.rema1000.dk/82468/1-small-vXodMwZq3k.webp", "medium": "https://rema-product-images.digital.rema1000.dk/82468/1-medium-vXodMwZq3k.webp", "large": "https://rema-product-images.digital.rema1000.dk/82468/1-large-vXodMwZq3k.webp"}], "prices": [{"price": 15.95, "price_over_max_quantity": null, "max_quantity": null, "is_advertised": false, "is_campaign": false, "starting_at": "2024-07-04T00:00:00+00:00", "ending_at": "2099-12-31T00:00:00+00:00", "deposit": null, "compare_unit": "kg", "compare_unit_price": 159.5, "consumption_unit": null, "consumption_quantity": null}], "temperature_zone": null, "is_self_scale_item": false, "is_weight_item": false, "is_available_in_all_stores": true, "is_batch_item": false}
{"id": 82508, "name": "PINGVIN POLET", "underline": "250 GR. / TOMS", "age_limit": null, "hazard_precaution_statements": [], "labels": [], "description": null, "info": "", "images": [{"small": "https://rema-product-images.digital.rema1000.dk/82508/1-small-NpP7w3DPOl.webp", "medium": "https://rema-product-images.digital.rema1000.dk/82508/1-medium-NpP7w3DPOl.webp", "large": "https://rema-product-images.digital.rema1000.dk/82508/1-large-NpP7w3DPOl.webp"}], "prices": [{"price": 27.5, "price_over_max_quantity": null, "max_quantity": null, "is_advertised": false, "is_campaign": true, "starting_at": "2025-08-07T00:00:00+00:00", "ending_at": "2025-09-03T00:00:00+00:00", "deposit": null, "compare_unit": "kg", "compare_unit_price": 110, "consumption_unit": null, "consumption_quantity": null}], "temperature_zone": null, "is_self_scale_item": false, "is_weight_item": false, "is_available_in_all_stores": true, "is_batch_item": false}
{"id": 82522, "name": "EXCELLENCE 70%", "underline": "100 GR. / LINDT", "age_limit": null, "hazard_precaution_statements": [], "labels": [], "description": null, "info": "", "images": [{"small": "https://rema-product-images.digital.rema1000.dk/82522/1-small-pyoz1WAPXn.webp", "medium": "https://rema-product-images.digital.rema1000.dk/82522/1-medium-pyoz1WAPXn.webp", "large": "https://rema-product-images.digital.rema1000.dk/82522/1-large-pyoz1WAPXn.webp"}], "prices": [{"price": 33, "price_over_max_quantity": null, "max_quantity": null, "is_advertised": false, "is_campaign": false, "starting_at": "2025-02-06T00:00:00+00:00", "ending_at": "2099-12-31T00:00:00+00:00", "deposit": null, "compare_unit": "kg", "compare_unit_price": 330, "consumption_unit": null, "consumption_quantity": null}], "temperature_zone": null, "is_self_scale_item": false, "is_weight_item": false, "is_available_in_all_stores": true, "is_batch_item": false}
{"id": 82724, "name": "KARAMEL SALT FUDGE", "underline": "160 GR. / REMA 1000", "age_limit": null, "hazard_precaution_statements": [], "labels": [{"id": 9001, "name": "Avisvare", "image": "https://static-assets.digital.rema1000.dk/product/labels/9001-64.webp"}, {"id": 2, "name": "REMA1000", "image": "https://static-assets.digital.rema1000.dk/product/labels/2-64.webp"}], "description": null, "info": "", "images": [{"small": "https://rema-product-images.digital.rema1000.dk/82724/1-small-vXodMzYq3k.webp", "medium": "https://rema-product-images.digital.rema1000.dk/82724/1-medium-vXodMzYq3k.webp", "large": "https://rema-product-images.digital.rema1000.dk/82724/1-large-vXodMzYq3k.webp"}], "prices": [{"price": 15, "price_over_max_quantity": null, "max_quantity": null, "is_advertised": true, "is_campaign": false, "starting_at": "2025-08-17T00:00:00+00:00", "ending_at": "2025-11-15T00:00:00+00:00", "deposit": null, "compare_unit": "kg", "compare_unit_price": 93.75, "consumption_unit": null, "consumption_quantity": null}], "temperature_zone": null, "is_self_scale_item": false, "is_weight_item": false, "is_available_in_all_stores": true, "is_batch_item": true}
{"id": 82886, "name": "MÆLKECHOKOLADE", "underline": "100 GR. / REMA 1000", "age_limit": null, "hazard_precaution_statements": [], "labels": [{"id": 2, "name": "REMA1000", "image": "https://static-assets.digital.rema1000.dk/product/labels/2-64.webp"}, {"id": 95, "name": "Rainforest Alliance", "image": "https://static-assets.digital.rema1000.dk/product/labels/95-64.webp"}], "description": null, "info": "", "images": [{"small": "https://rema-product-images.digital.rema1000.dk/82886/1-small-A4PydaL9LV.webp", "medium": "https://rema-product-images.digital.rema1000.dk/82886/1-medium-A4PydaL9LV.webp", "large": "https://rema-product-images.digital.rema1000.dk/82886/1-large-A4PydaL9LV.webp"}], "prices": [{"price": 14.95, "price_over_max_quantity": null, "max_quantity": null, "is_advertised": false, "is_campaign": false, "starting_at": "2025-01-30T00:00:00+00:00", "ending_at": "2099-12-31T00:00:00+00:00", "deposit": null, "compare_unit": "kg", "compare_unit_price": 149.5, "consumption_unit": null, "consumption_quantity": null}], "temperature_zone": null, "is_self_scale_item": false, "is_weight_item": false, "is_available_in_all_stores": true, "is_batch_item": false}
{"id": 82888, "name": "MØRK CHOKOLADE", "underline": "100 GR. / REMA 1000", "age_limit": null, "hazard_precaution_statements": [], "labels": [{"id": 2, "name": "REMA1000", "image": "https://static-assets.digital.rema1000.dk/product/labels/2-64.webp"}, {"id": 95, "name": "Rainforest Alliance", "image": "https://static-assets.digital.rema1000.dk/product/labels/95-64.webp"}], "description": null, "info": "", "images": [{"small": "https://rema-product-images.digital.rema1000.dk/82888/1-small-xePwz3E9w8.webp", "medium": "https://rema-product-images.digital.rema1000.dk/82888/1-medium-xePwz3E9w8.webp", "large": "https://rema-product-images.digital.rema1000.dk/82888/1-large-xePwz3E9w8.webp"}], "prices": [{"price": 14.95, "price_over_max_quantity": null, "max_quantity": null, "is_advertised": false, "is_campaign": false, "starting_at": "2025-03-27T00:00:00+00:00", "ending_at": "2099-12-31T00:00:00+00:00", "deposit": null, "compare_unit": "kg", "compare_unit_price": 149.5, "consumption_unit": null, "consumption_quantity": null}], "temperature_zone": null, "is_self_scale_item": false, "is_weight_item": false, "is_available_in_all_stores": true, "is_batch_item": false}
{"id": 82913, "name": "PÅLÆGSCHOKOLADE", "underline": "120 GR. / REMA 1000, LYS", "age_limit": null, "hazard_precaution_statements": [], "labels": [{"id": 2, "name": "REMA1000", "image": "https://static-assets.digital.rema1000.dk/product/labels/2-64.webp"}, {"id": 95, "name": "Rainforest Alliance", "image": "https://static-assets.digital.rema1000.dk/product/labels/95-64.webp"}], "description": "Mælkechokolade med mindst 25 % kakaotørstof. 30 stk", "info": "", "images": [{"small": "https://rema-product-images.digital.rema1000.dk/82913/1-small-wyPbB4MPEm.webp", "medium": "https://rema-product-images.digital.rema1000.dk/82913/1-medium-wyPbB4MPEm.webp", "large": "https://rema-product-images.digital.rema1000.dk/82913/1-large-wyPbB4MPEm.webp"}], "prices": [{"price": 22.4, "price_over_max_quantity": null, "max_quantity": null, "is_advertised": false, "is_campaign": false, "starting_at": "2025-05-08T00:00:00+00:00", "ending_at": "2099-12-31T00:00:00+00:00", "deposit": null, "compare_unit": "kg", "compare_unit_price": 186.67, "consumption_unit": null, "consumption_quantity": null}], "temperature_zone": null, "is_self_scale_item": false, "is_weight_item": false, "is_available_in_all_stores": true, "is_batch_item": false}
{"id": 83001, "name": "SCHWEIZERNØD", "underline": "150 GR. / MARABOU", "age_limit": null, "hazard_precaution_statements": [], "labels": [], "description": null, "info": "", "images": [{"small": "https://rema-product-images.digital.rema1000.dk/83001/1-small-ElPBVe8PkG.webp", "medium": "https://rema-product-images.digital.rema1000.dk/83001/1-medium-ElPBVe8PkG.webp", "large": "https://rema-product-images.digital.rema1000.dk/83001/1-large-ElPBVe8PkG.webp"}], "prices": [{"price": 39.95, "price_over_max_quantity": null, "max_quantity": null, "is_advertised": false, "is_campaign": false, "starting_at": "2025-07-03T00:00:00+00:00", "ending_at": "2099-12-31T00:00:00+00:00", "deposit": null, "compare_unit": "kg", "compare_unit_price": 266.33, "consumption_unit": null, "consumption_quantity": null}], "temperature_zone": null, "is_self_scale_item": false, "is_weight_item": false, "is_available_in_all_stores": true, "is_batch_item": false}
{"id": 83002, "name": "SMARTIES", "underline": "38 GR. / NESTLE", "age_limit": null, "hazard_precaution_statements": [], "labels": [], "description": null, "info": "", "images": [{"small": "https://rema-product-images.digital.rema1000.dk/83002/1-small-kAonb3jox8.webp", "medium": "https://rema-product-images.digital.rema1000.dk/83002/1-medium-kAonb3jox8.webp", "large": "https://rema-product-images.digital.rema1000.dk/83002/1-large-kAonb3jox8.webp"}], "prices": [{"price": 10, "price_over_max_quantity": null, "max_quantity": null, "is_advertised": false, "is_campaign": true, "starting_at": "2025-08-07T00:00:00+00:00", "ending_at": "2025-09-03T00:00:00+00:00", "deposit": null, "compare_unit": "kg", "compare_unit_price": 263.16, "consumption_unit": null, "consumption_quantity": null}], "temperature_zone": null, "is_self_scale_item": false, "is_weight_item": false, "is_available_in_all_stores": true, "is_batch_item": false}
{"id": 83112, "name": "LAKRIDS TWIST", "underline": "275 GR. / TOMS", "age_limit": null, "hazard_precaution_statements": [], "labels": [], "description": null, "info": "", "images": [{"small": "https://rema-product-images.digital.rema1000.dk/83112/1-small-18oXjLL9kb.webp", "medium": "https://rema-product-images.digital.rema1000.dk/83112/1-medium-18oXjLL9kb.webp", "large": "https://rema-product-images.digital.rema1000.dk/83112/1-large-18oXjLL9kb.webp"}], "prices": [{"price": 27.5, "price_over_max_quantity": null, "max_quantity": null, "is_advertised": false, "is_campaign": true, "starting_at": "2025-08-07T00:00:00+00:00", "ending_at": "2025-09-03T00:00:00+00:00", "deposit": null, "compare_unit": "kg", "compare_unit_price": 100, "consumption_unit": null, "consumption_quantity": null}], "temperature_zone": null, "is_self_scale_item": false, "is_weight_item": false, "is_available_in_all_stores": true, "is_batch_item": false}
{"id": 83144, "name": "KIKS & KARAMELBAR", "underline": "58 GR. / REMA 1000", "age_limit": null, "hazard_precaution_statements": [], "labels": [{"id": 2, "name": "REMA1000", "image": "https://static-assets.digital.rema1000.dk/product/labels/2-64.webp"}, {"id": 95, "name": "Rainforest Alliance", "image": "https://static-assets.digital.rema1000.dk/product/labels/95-64.webp"}], "description": "Snackbar med 33 % karamel, 32 % kiks og 35 % mælkechokoladeovertræk. Kan indeholde spor af byg, havre, jordnødder, æg, soja, mandler og hasselnødder.", "info": "", "images": [{"small": "https://rema-product-images.digital.rema1000.dk/83144/1-small-xePwzM89w8.webp", "medium": "https://rema-product-images.digital.rema1000.dk/83144/1-medium-xePwzM89w8.webp", "large": "https://rema-product-images.digital.rema1000.dk/83144/1-large-xePwzM89w8.webp"}], "prices": [{"price": 7.95, "price_over_max_quantity": null, "max_quantity": null, "is_advertised": false, "is_campaign": false, "starting_at": "2025-04-24T00:00:00+00:00", "ending_at": "2099-12-31T00:00:00+00:00", "deposit": null, "compare_unit": "kg", "compare_unit_price": 137.07, "consumption_unit": null, "consumption_quantity": null}], "temperature_zone": null, "is_self_scale_item": false, "is_weight_item": false, "is_available_in_all_stores": true, "is_batch_item": false}
{"id": 83145, "name": "KOKOSBAR", "underline": "56 GR. / REMA 1000", "age_limit": null, "hazard_precaution_statements": [], "labels": [{"id": 2, "name": "REMA1000", "image": "https://static-assets.digital.rema1000.dk/product/labels/2-64.webp"}, {"id": 95, "name": "Rainforest Alliance", "image": "https://static-assets.digital.rema1000.dk/product/labels/95-64.webp"}], "description": "Snackbar med 64 % kokosfyld og 36 % mælkechokoladeovertræk. Kan indeholde spor af hvede, byg, havre, jordnødder, æg , soja, mandler og hasselnødder.", "info": "", "images": [{"small": "https://rema-product-images.digital.rema1000.dk/83145/1-small-ElPBVWlPkG.webp", "medium": "https://rema-product-images.digital.rema1000.dk/83145/1-medium-ElPBVWlPkG.webp", "large": "https://rema-product-images.digital.rema1000.dk/83145/1-large-ElPBVWlPkG.webp"}], "prices": [{"price": 7.95, "price_over_max_quantity": null, "max_quantity": null, "is_advertised": false, "is_campaign": false, "starting_at": "2025-04-24T00:00:00+00:00", "ending_at": "2099-12-31T00:00:00+00:00", "deposit": null, "compare_unit": "kg", "compare_unit_price": 141.96, "consumption_unit": null, "consumption_quantity": null}], "temperature_zone": null, "is_self_scale_item": false, "is_weight_item": false, "is_available_in_all_stores": true, "is_batch_item": false}
{"id": 83146, "name": "KARAMELBAR", "underline": "50 GR. / REMA 1000", "age_limit": null, "hazard_precaution_statements": [], "labels": [{"id": 2, "name": "REMA1000", "image": "https://static-assets.digital.rema1000.dk/product/labels/2-64.webp"}, {"id": 95, "name": "Rainforest Alliance", "image": "https://static-assets.digital.rema1000.dk/product/labels/95-64.webp"}], "description": "Snackbar med 40 % mælkechokolade, 33 % nougat og 27 % karamel. Kan indeholde spor af hvede, havre, jordnødder, æg, soja, mandler og hasselnødder.", "info": "", "images": [{"small": "https://rema-product-images.digital.rema1000.dk/83146/1-small-kAonbkEox8.webp", "medium": "https://rema-product-images.digital.rema1000.dk/83146/1-medium-kAonbkEox8.webp", "large": "https://rema-product-images.digital.rema1000.dk/83146/1-large-kAonbkEox8.webp"}], "prices": [{"price": 7.95, "price_over_max_quantity": null, "max_quantity": null, "is_advertised": false, "is_campaign": false, "starting_at": "2025-04-24T00:00:00+00:00", "ending_at": "2099-12-31T00:00:00+00:00", "deposit": null, "compare_unit": "kg", "compare_unit_price": 159, "consumption_unit": null, "consumption_quantity": null}], "temperature_zone": null, "is_self_scale_item": false, "is_weight_item": false, "is_available_in_all_stores": true, "is_batch_item": false}
{"id": 83147, "name": "PEANUTBAR", "underline": "50 GR. / REMA 1000", "age_limit": null, "hazard_precaution_statements": [], "labels": [{"id": 2, "name": "REMA1000", "image": "https://static-assets.digital.rema1000.dk/product/labels/2-64.webp"}, {"id": 95, "name": "Rainforest Alliance", "image": "https://static-assets.digital.rema1000.dk/product/labels/95-64.webp"}], "description": "Snackbar med 27 % karamel, 24 % jordnødder, 14 % nougat og 35 % mælkechokoladeovertræk.  Kan indeholde spor af hvede, byg, havre, æg, soja, mandler og hasselnødder.", "info": "", "images": [{"small": "https://rema-product-images.digital.rema1000.dk/83147/1-small-3MoMznkq5E.webp", "medium": "https://rema-product-images.digital.rema1000.dk/83147/1-medium-3MoMznkq5E.webp", "large": "https://rema-product-images.digital.rema1000.dk/83147/1-large-3MoMznkq5E.webp"}], "prices": [{"price": 7.95, "price_over_max_quantity": null, "max_quantity": null, "is_advertised": false, "is_campaign": false, "starting_at": "2025-04-24T00:00:00+00:00", "ending_at": "2099-12-31T00:00:00+00:00", "deposit": null, "compare_unit": "kg", "compare_unit_price": 159, "consumption_unit": null, "consumption_quantity": null}], "temperature_zone": null, "is_self_scale_item": false, "is_weight_item": false, "is_available_in_all_stores": true, "is_batch_item": false}
{"id": 83162, "name": "SNICKERS", "underline": "18 GR. / MINI", "age_limit": null, "hazard_precaution_statements": [], "labels": [], "description": null, "info": "", "images": [{"small": "https://rema-product-images.digital.rema1000.dk/83162/1-small-2B94llY9kM.webp", "medium": "https://rema-product-images.digital.rema1000.dk/83162/1-medium-2B94llY9kM.webp", "large": "https://rema-product-images.digital.rema1000.dk/83162/1-large-2B94llY9kM.webp"}], "prices": [{"price": 3.95, "price_over_max_quantity": null, "max_quantity": null, "is_advertised": false, "is_campaign": false, "starting_at": "2025-02-06T00:00:00+00:00", "ending_at": "2099-12-31T00:00:00+00:00", "deposit": null, "compare_unit": "kg", "compare_unit_price": 219.44, "consumption_unit": null, "consumption_quantity": null}], "temperature_zone": null, "is_self_scale_item": false, "is_weight_item": false, "is_available_in_all_stores": true, "is_batch_item": false}
{"id": 83163, "name": "TWIX", "underline": "20 GR. / MINI", "age_limit": null, "hazard_precaution_statements": [], "labels": [], "description": "Twix er en gammel kending med smag af kiks og karamel. Chokoladebaren får du her i en miniudgave i en pose, som indeholder 366 gram af den knasende chokoladebar i små indpakninger.", "info": "", "images": [{"small": "https://rema-product-images.digital.rema1000.dk/83163/1-small-rDq6EE3obW.webp", "medium": "https://rema-product-images.digital.rema1000.dk/83163/1-medium-rDq6EE3obW.webp", "large": "https://rema-product-images.digital.rema1000.dk/83163/1-large-rDq6EE3obW.webp"}], "prices": [{"price": 3.95, "price_over_max_quantity": null, "max_quantity": null, "is_advertised": false, "is_campaign": false, "starting_at": "2025-02-06T00:00:00+00:00", "ending_at": "2099-12-31T00:00:00+00:00", "deposit": null, "compare_unit": "kg", "compare_unit_price": 197.5, "consumption_unit": null, "consumption_quantity": null}], "temperature_zone": null, "is_self_scale_item": false, "is_weight_item": false, "is_available_in_all_stores": true, "is_batch_item": false}
{"id": 83164, "name": "BOUNTY", "underline": "28.5 GR. / MINI", "age_limit": null, "hazard_precaution_statements": [], "labels": [], "description": null, "info": "", "images": [{"small": "https://rema-product-images.digital.rema1000.dk/83164/1-small-AKqe55Qqp1.webp", "medium": "https://rema-product-images.digital.rema1000.dk/83164/1-medium-AKqe55Qqp1.webp", "large": "https://rema-product-images.digital.rema1000.dk/83164/1-large-AKqe55Qqp1.webp"}], "prices": [{"price": 5.95, "price_over_max_quantity": null, "max_quantity": null, "is_advertised": false, "is_campaign": false, "starting_at": "2025-07-03T00:00:00+00:00", "ending_at": "2099-12-31T00:00:00+00:00", "deposit": null, "compare_unit": "kg", "compare_unit_price": 208.77, "consumption_unit": null, "consumption_quantity": null}], "temperature_zone": null, "is_self_scale_item": false, "is_weight_item": false, "is_available_in_all_stores": true, "is_batch_item": false}
{"id": 83268, "name": "WEISS + CRISP", "underline": "100 GR. / RITTER SPORT", "age_limit": null, "hazard_precaution_statements": [], "labels": [{"id": 9001, "name": "Avisvare", "image": "https://static-assets.digital.rema1000.dk/product/labels/9001-64.webp"}, {"id": 95, "name": "Rainforest Alliance", "image": "https://static-assets.digital.rema1000.dk/product/labels/95-64.webp"}], "description": null, "info": "", "images": [{"small": "https://rema-product-images.digital.rema1000.dk/83268/1-small-vXodamxq3k.webp", "medium": "https://rema-product-images.digital.rema1000.dk/83268/1-medium-vXodamxq3k.webp", "large": "https://rema-product-images.digital.rema1000.dk/83268/1-large-vXodamxq3k.webp"}, {"small": "https://rema-product-images.digital.rema1000.dk/83268/2-small-vXodamxq3k.webp", "medium": "https://rema-product-images.digital.rema1000.dk/83268/2-medium-vXodamxq3k.webp", "large": "https://rema-product-images.digital.rema1000.dk/83268/2-large-vXodamxq3k.webp"}], "prices": [{"price": 20, "price_over_max_quantity": null, "max_quantity": null, "is_advertised": true, "is_campaign": false, "starting_at": "2025-08-17T00:00:00+00:00", "ending_at": "2025-11-15T00:00:00+00:00", "deposit": null, "compare_unit": "kg", "compare_unit_price": 200, "consumption_unit": null, "consumption_quantity": null}], "temperature_zone": null, "is_self_scale_item": false, "is_weight_item": false, "is_available_in_all_stores": true, "is_batch_item": true}
{"id": 83275, "name": "KIKS", "underline": "100 GR. / RITTER SPORT", "age_limit": null, "hazard_precaution_statements": [], "labels": [{"id": 9001, "name": "Avisvare", "image": "https://static-assets.digital.rema1000.dk/product/labels/9001-64.webp"}, {"id": 95, "name": "Rainforest Alliance", "image": "https://static-assets.digital.rema1000.dk/product/labels/95-64.webp"}], "description": null, "info": "", "images": [{"small": "https://rema-product-images.digital.rema1000.dk/83275/1-small-01q2vWYq7n.webp", "medium": "https://rema-product-images.digital.rema1000.dk/83275/1-medium-01q2vWYq7n.webp", "large": "https://rema-product-images.digital.rema1000.dk/83275/1-large-01q2vWYq7n.webp"}, {"small": "https://rema-product-images.digital.rema1000.dk/83275/2-small-01q2vWYq7n.webp", "medium": "https://rema-product-images.digital.rema1000.dk/83275/2-medium-01q2vWYq7n.webp", "large": "https://rema-product-images.digital.rema1000.dk/83275/2-large-01q2vWYq7n.webp"}], "prices": [{"price": 20, "price_over_max_quantity": null, "max_quantity": null, "is_advertised": true, "is_campaign": true, "starting_at": "2025-08-17T00:00:00+00:00", "ending_at": "2025-08-23T00:00:00+00:00", "deposit": null, "compare_unit": "kg", "compare_unit_price": 200, "consumption_unit": null, "consumption_quantity": null}, {"price": 26.95, "price_over_max_quantity": null, "max_quantity": null, "is_advertised": false, "is_campaign": false, "starting_at": "2025-08-24T00:00:00+00:00", "ending_at": "2099-12-31T00:00:00+00:00", "deposit": null, "compare_unit": "kg", "compare_unit_price": 269.5, "consumption_unit": null, "consumption_quantity": null}], "temperature_zone": null, "is_self_scale_item": false, "is_weight_item": false, "is_available_in_all_stores": true, "is_batch_item": false}
{"id": 83284, "name": "MARCIPAN", "underline": "100 GR. / RITTER SPORT", "age_limit": null, "hazard_precaution_statements": [], "labels": [{"id": 9001, "name": "Avisvare", "image": "https://static-assets.digital.rema1000.dk/product/labels/9001-64.webp"}, {"id": 95, "name": "Rainforest Alliance", "image": "https://static-assets.digital.rema1000.dk/product/labels/95-64.webp"}], "description": "Mørk chokolade med marcipanfyld (44%). Mindst 50% kakaotørstof i chokoladen", "info": "", "images": [{"small": "https://rema-product-images.digital.rema1000.dk/83284/1-small-rQqQjvB9ea.webp", "medium": "https://rema-product-images.digital.rema1000.dk/83284/1-medium-rQqQjvB9ea.webp", "large": "https://rema-product-images.digital.rema1000.dk/83284/1-large-rQqQjvB9ea.webp"}, {"small": "https://rema-product-images.digital.rema1000.dk/83284/2-small-rQqQjvB9ea.webp", "medium": "https://rema-product-images.digital.rema1000.dk/83284/2-medium-rQqQjvB9ea.webp", "large": "https://rema-product-images.digital.rema1000.dk/83284/2-large-rQqQjvB9ea.webp"}], "prices": [{"price": 20, "price_over_max_quantity": null, "max_quantity": null, "is_advertised": true, "is_campaign": true, "starting_at": "2025-08-17T00:00:00+00:00", "ending_at": "2025-08-23T00:00:00+00:00", "deposit": null, "compare_unit": "kg", "compare_unit_price": 200, "consumption_unit": null, "consumption_quantity": null}, {"price": 26.95, "price_over_max_quantity": null, "max_quantity": null, "is_advertised": false, "is_campaign": false, "starting_at": "2025-08-24T00:00:00+00:00", "ending_at": "2099-12-31T00:00:00+00:00", "deposit": null, "compare_unit": "kg", "compare_unit_price": 269.5, "consumption_unit": null, "consumption_quantity": null}], "temperature_zone": null, "is_self_scale_item": false, "is_weight_item": false, "is_available_in_all_stores": true, "is_batch_item": false}
{"id": 83285, "name": "NOUGAT", "underline": "100 GR. / RITTER SPORT", "age_limit": null, "hazard_precaution_statements": [], "labels": [{"id": 9001, "name": "Avisvare", "image": "https://static-assets.digital.rema1000.dk/product/labels/9001-64.webp"}, {"id": 95, "name": "Rainforest Alliance", "image": "https://static-assets.digital.rema1000.dk/product/labels/95-64.webp"}], "description": "Mælkechokolade fyldt med nougat (42%). Mindst 30 % kakaotørstof i chokoladen", "info": "", "images": [{"small": "https://rema-product-images.digital.rema1000.dk/83285/1-small-we9EK0Rogp.webp", "medium": "https://rema-product-images.digital.rema1000.dk/83285/1-medium-we9EK0Rogp.webp", "large": "https://rema-product-images.digital.rema1000.dk/83285/1-large-we9EK0Rogp.webp"}, {"small": "https://rema-product-images.digital.rema1000.dk/83285/2-small-we9EK0Rogp.webp", "medium": "https://rema-product-images.digital.rema1000.dk/83285/2-medium-we9EK0Rogp.webp", "large": "https://rema-product-images.digital.rema1000.dk/83285/2-large-we9EK0Rogp.webp"}], "prices": [{"price": 20, "price_over_max_quantity": null, "max_quantity": null, "is_advertised": true, "is_campaign": true, "starting_at": "2025-08-17T00:00:00+00:00", "ending_at": "2025-08-23T00:00:00+00:00", "deposit": null, "compare_unit": "kg", "compare_unit_price": 200, "consumption_unit": null, "consumption_quantity": null}, {"price": 26.95, "price_over_max_quantity": null, "max_quantity": null, "is_advertised": false, "is_campaign": false, "starting_at": "2025-08-24T00:00:00+00:00", "ending_at": "2099-12-31T00:00:00+00:00", "deposit": null, "compare_unit": "kg", "compare_unit_price": 269.5, "consumption_unit": null, "consumption_quantity": null}], "temperature_zone": null, "is_self_scale_item": false, "is_weight_item": false, "is_available_in_all_stores": true, "is_batch_item": false}
{"id": 83286, "name": "PEBERMYNTE", "underline": "100 GR. / RITTER SPORT", "age_limit": null, "hazard_precaution_statements": [], "labels": [{"id": 9001, "name": "Avisvare", "image": "https://static-assets.digital.rema1000.dk/product/labels/9001-64.webp"}, {"id": 95, "name": "Rainforest Alliance", "image": "https://static-assets.digital.rema1000.dk/product/labels/95-64.webp"}], "description": "Fyldt mørk chokolade med pebermyntefyld (40 %). Mindst 50% kakaotørstof i chokoladen", "info": "", "images": [{"small": "https://rema-product-images.digital.rema1000.dk/83286/1-small-A4PyOMJqLV.webp", "medium": "https://rema-product-images.digital.rema1000.dk/83286/1-medium-A4PyOMJqLV.webp", "large": "https://rema-product-images.digital.rema1000.dk/83286/1-large-A4PyOMJqLV.webp"}, {"small": "https://rema-product-images.digital.rema1000.dk/83286/2-small-A4PyOMJqLV.webp", "medium": "https://rema-product-images.digital.rema1000.dk/83286/2-medium-A4PyOMJqLV.webp", "large": "https://rema-product-images.digital.rema1000.dk/83286/2-large-A4PyOMJqLV.webp"}], "prices": [{"price": 20, "price_over_max_quantity": null, "max_quantity": null, "is_advertised": true, "is_campaign": true, "starting_at": "2025-08-17T00:00:00+00:00", "ending_at": "2025-08-23T00:00:00+00:00", "deposit": null, "compare_unit": "kg", "compare_unit_price": 200, "consumption_unit": null, "consumption_quantity": null}, {"price": 26.95, "price_over_max_quantity": null, "max_quantity": null, "is_advertised": false, "is_campaign": false, "starting_at": "2025-08-24T00:00:00+00:00", "ending_at": "2099-12-31T00:00:00+00:00", "deposit": null, "compare_unit": "kg", "compare_unit_price": 269.5, "consumption_unit": null, "consumption_quantity": null}], "temperature_zone": null, "is_self_scale_item": false, "is_weight_item": false, "is_available_in_all_stores": true, "is_batch_item": false}
{"id": 83313, "name": "ROM ROSIN NØD", "underline": "100 GR. / RITTER SPORT", "age_limit": null, "hazard_precaution_statements": [], "labels": [{"id": 9001, "name": "Avisvare", "image": "https://static-assets.digital.rema1000.dk/product/labels/9001-64.webp"}, {"id": 95, "name": "Rainforest Alliance", "image": "https://static-assets.digital.rema1000.dk/product/labels/95-64.webp"}], "description": null, "info": "", "images": [{"small": "https://rema-product-images.digital.rema1000.dk/83313/1-small-wyPbdj5qEm.webp", "medium": "https://rema-product-images.digital.rema1000.dk/83313/1-medium-wyPbdj5qEm.webp", "large": "https://rema-product-images.digital.rema1000.dk/83313/1-large-wyPbdj5qEm.webp"}, {"small": "https://rema-product-images.digital.rema1000.dk/83313/2-small-wyPbdj5qEm.webp", "medium": "https://rema-product-images.digital.rema1000.dk/83313/2-medium-wyPbdj5qEm.webp", "large": "https://rema-product-images.digital.rema1000.dk/83313/2-large-wyPbdj5qEm.webp"}], "prices": [{"price": 20, "price_over_max_quantity": null, "max_quantity": null, "is_advertised": true, "is_campaign": false, "starting_at": "2025-08-17T00:00:00+00:00", "ending_at": "2025-11-15T00:00:00+00:00", "deposit": null, "compare_unit": "kg", "compare_unit_price": 200, "consumption_unit": null, "consumption_quantity": null}], "temperature_zone": null, "is_self_scale_item": false, "is_weight_item": false, "is_available_in_all_stores": true, "is_batch_item": true}
{"id": 83349, "name": "KITKAT", "underline": "41.5 GR. / NESTLE", "age_limit": null, "hazard_precaution_statements": [], "labels": [{"id": 95, "name": "Rainforest Alliance", "image": "https://static-assets.digital.rema1000.dk/product/labels/95-64.webp"}], "description": null, "info": "", "images": [{"small": "https://rema-product-images.digital.rema1000.dk/83349/1-small-xQq83YdoZd.webp", "medium": "https://rema-product-images.digital.rema1000.dk/83349/1-medium-xQq83YdoZd.webp", "large": "https://rema-product-images.digital.rema1000.dk/83349/1-large-xQq83YdoZd.webp"}], "prices": [{"price": 10, "price_over_max_quantity": null, "max_quantity": null, "is_advertised": false, "is_campaign": true, "starting_at": "2025-08-07T00:00:00+00:00", "ending_at": "2025-09-03T00:00:00+00:00", "deposit": null, "compare_unit": "kg", "compare_unit_price": 240.96, "consumption_unit": null, "consumption_quantity": null}], "temperature_zone": null, "is_self_scale_item": false, "is_weight_item": false, "is_available_in_all_stores": true, "is_batch_item": false}
{"id": 83352, "name": "DAIM", "underline": "150 GR. / MARABOU", "age_limit": null, "hazard_precaution_statements": [], "labels": [], "description": null, "info": "", "images": [{"small": "https://rema-product-images.digital.rema1000.dk/83352/1-small-NpP7dOvoOl.webp", "medium": "https://rema-product-images.digital.rema1000.dk/83352/1-medium-NpP7dOvoOl.webp", "large": "https://rema-product-images.digital.rema1000.dk/83352/1-large-NpP7dOvoOl.webp"}], "prices": [{"price": 39.95, "price_over_max_quantity": null, "max_quantity": null, "is_advertised": false, "is_campaign": false, "starting_at": "2025-07-03T00:00:00+00:00", "ending_at": "2099-12-31T00:00:00+00:00", "deposit": null, "compare_unit": "kg", "compare_unit_price": 266.33, "consumption_unit": null, "consumption_quantity": null}], "temperature_zone": null, "is_self_scale_item": false, "is_weight_item": false, "is_available_in_all_stores": true, "is_batch_item": false}
{"id": 83388, "name": "FIN APPELSIN 70%", "underline": "100 GR. / MARABOU PREMIUM", "age_limit": null, "hazard_precaution_statements": [], "labels": [], "description": null, "info": "", "images": [{"small": "https://rema-product-images.digital.rema1000.dk/83388/1-small-xePwZRJ9w8.webp", "medium": "https://rema-product-images.digital.rema1000.dk/83388/1-medium-xePwZRJ9w8.webp", "large": "https://rema-product-images.digital.rema1000.dk/83388/1-large-xePwZRJ9w8.webp"}], "prices": [{"price": 36.95, "price_over_max_quantity": null, "max_quantity": null, "is_advertised": false, "is_campaign": false, "starting_at": "2025-07-03T00:00:00+00:00", "ending_at": "2099-12-31T00:00:00+00:00", "deposit": null, "compare_unit": "kg", "compare_unit_price": 369.5, "consumption_unit": null, "consumption_quantity": null}], "temperature_zone": null, "is_self_scale_item": false, "is_weight_item": false, "is_available_in_all_stores": true, "is_batch_item": false}
{"id": 83389, "name": "FIN 70% KAKAO", "underline": "100 GR. / MARABOU PREMIUM", "age_limit": null, "hazard_precaution_statements": [], "labels": [], "description": null, "info": "", "images": [{"small": "https://rema-product-images.digital.rema1000.dk/83389/1-small-ElPBMxj9kG.webp", "medium": "https://rema-product-images.digital.rema1000.dk/83389/1-medium-ElPBMxj9kG.webp", "large": "https://rema-product-images.digital.rema1000.dk/83389/1-large-ElPBMxj9kG.webp"}], "prices": [{"price": 36.95, "price_over_max_quantity": null, "max_quantity": null, "is_advertised": false, "is_campaign": false, "starting_at": "2025-07-03T00:00:00+00:00", "ending_at": "2099-12-31T00:00:00+00:00", "deposit": null, "compare_unit": "kg", "compare_unit_price": 369.5, "consumption_unit": null, "consumption_quantity": null}], "temperature_zone": null, "is_self_scale_item": false, "is_weight_item": false, "is_available_in_all_stores": true, "is_batch_item": false}
{"id": 83442, "name": "TOBLERONE", "underline": "50 GR.", "age_limit": null, "hazard_precaution_statements": [], "labels": [], "description": null, "info": "", "images": [{"small": "https://rema-product-images.digital.rema1000.dk/83442/1-small-A4PyO3nqLV.webp", "medium": "https://rema-product-images.digital.rema1000.dk/83442/1-medium-A4PyO3nqLV.webp", "large": "https://rema-product-images.digital.rema1000.dk/83442/1-large-A4PyO3nqLV.webp"}], "prices": [{"price": 16.95, "price_over_max_quantity": null, "max_quantity": null, "is_advertised": false, "is_campaign": false, "starting_at": "2025-07-03T00:00:00+00:00", "ending_at": "2099-12-31T00:00:00+00:00", "deposit": null, "compare_unit": "kg", "compare_unit_price": 339, "consumption_unit": null, "consumption_quantity": null}], "temperature_zone": null, "is_self_scale_item": false, "is_weight_item": false, "is_available_in_all_stores": true, "is_batch_item": false}
{"id": 83550, "name": "KINDER SURPRISE", "underline": "60 GR.", "age_limit": null, "hazard_precaution_statements": [], "labels": [], "description": null, "info": "", "images": [{"small": "https://rema-product-images.digital.rema1000.dk/83550/1-small-vVorb8Do3z.webp", "medium": "https://rema-product-images.digital.rema1000.dk/83550/1-medium-vVorb8Do3z.webp", "large": "https://rema-product-images.digital.rema1000.dk/83550/1-large-vVorb8Do3z.webp"}], "prices": [{"price": 29.95, "price_over_max_quantity": null, "max_quantity": null, "is_advertised": false, "is_campaign": false, "starting_at": "2025-01-02T00:00:00+00:00", "ending_at": "2099-12-31T00:00:00+00:00", "deposit": null, "compare_unit": "kg", "compare_unit_price": 499.17, "consumption_unit": null, "consumption_quantity": null}], "temperature_zone": null, "is_self_scale_item": false, "is_weight_item": false, "is_available_in_all_stores": true, "is_batch_item": false}
{"id": 83570, "name": "KINDER MAXI", "underline": "21 GR.", "age_limit": null, "hazard_precaution_statements": [], "labels": [{"id": 9001, "name": "Avisvare", "image": "https://static-assets.digital.rema1000.dk/product/labels/9001-64.webp"}], "description": null, "info": "", "images": [{"small": "https://rema-product-images.digital.rema1000.dk/83570/1-small-kOq3AKkP63.webp", "medium": "https://rema-product-images.digital.rema1000.dk/83570/1-medium-kOq3AKkP63.webp", "large": "https://rema-product-images.digital.rema1000.dk/83570/1-large-kOq3AKkP63.webp"}], "prices": [{"price": 5, "price_over_max_quantity": null, "max_quantity": null, "is_advertised": true, "is_campaign": true, "starting_at": "2025-08-17T00:00:00+00:00", "ending_at": "2025-08-23T00:00:00+00:00", "deposit": null, "compare_unit": "kg", "compare_unit_price": 238.1, "consumption_unit": null, "consumption_quantity": null}, {"price": 5.95, "price_over_max_quantity": null, "max_quantity": null, "is_advertised": false, "is_campaign": false, "starting_at": "2025-08-24T00:00:00+00:00", "ending_at": "2099-12-31T00:00:00+00:00", "deposit": null, "compare_unit": "kg", "compare_unit_price": 283.33, "consumption_unit": null, "consumption_quantity": null}], "temperature_zone": null, "is_self_scale_item": false, "is_weight_item": false, "is_available_in_all_stores": true, "is_batch_item": false}
{"id": 83594, "name": "NUTELLA", "underline": "350 GR. / FERRERO", "age_limit": null, "hazard_precaution_statements": [], "labels": [], "description": null, "info": "", "images": [{"small": "https://rema-product-images.digital.rema1000.dk/83594/1-small-vVorbADo3z.webp", "medium": "https://rema-product-images.digital.rema1000.dk/83594/1-medium-vVorbADo3z.webp", "large": "https://rema-product-images.digital.rema1000.dk/83594/1-large-vVorbADo3z.webp"}], "prices": [{"price": 45.95, "price_over_max_quantity": null, "max_quantity": null, "is_advertised": false, "is_campaign": false, "starting_at": "2024-09-05T00:00:00+00:00", "ending_at": "2025-08-23T00:00:00+00:00", "deposit": null, "compare_unit": "kg", "compare_unit_price": 131.29, "consumption_unit": null, "consumption_quantity": null}], "temperature_zone": null, "is_self_scale_item": false, "is_weight_item": false, "is_available_in_all_stores": true, "is_batch_item": false}
{"id": 83671, "name": "HASSELNØDDECREME", "underline": "400 GR. / REMA 1000", "age_limit": null, "hazard_precaution_statements": [], "labels": [{"id": 2, "name": "REMA1000", "image": "https://static-assets.digital.rema1000.dk/product/labels/2-64.webp"}, {"id": 95, "name": "Rainforest Alliance", "image": "https://static-assets.digital.rema1000.dk/product/labels/95-64.webp"}], "description": null, "info": "", "images": [{"small": "https://rema-product-images.digital.rema1000.dk/83671/1-small-OW9Ox6ZPgE.webp", "medium": "https://rema-product-images.digital.rema1000.dk/83671/1-medium-OW9Ox6ZPgE.webp", "large": "https://rema-product-images.digital.rema1000.dk/83671/1-large-OW9Ox6ZPgE.webp"}], "prices": [{"price": 26.95, "price_over_max_quantity": null, "max_quantity": null, "is_advertised": false, "is_campaign": false, "starting_at": "2023-02-16T00:00:00+00:00", "ending_at": "2025-08-20T00:00:00+00:00", "deposit": null, "compare_unit": "kg", "compare_unit_price": 67.38, "consumption_unit": null, "consumption_quantity": null}, {"price": 27.95, "price_over_max_quantity": null, "max_quantity": null, "is_advertised": false, "is_campaign": false, "starting_at": "2025-08-21T00:00:00+00:00", "ending_at": "2099-12-31T00:00:00+00:00", "deposit": null, "compare_unit": "kg", "compare_unit_price": 69.88, "consumption_unit": null, "consumption_quantity": null}], "temperature_zone": null, "is_self_scale_item": false, "is_weight_item": false, "is_available_in_all_stores": true, "is_batch_item": false}
{"id": 83728, "name": "SALTY CARAMEL", "underline": "50 GR. / LÄKEROL, 2-PAK", "age_limit": null, "hazard_precaution_statements": [], "labels": [{"id": 31, "name": "Ikke tilsat sukker", "image": "https://static-assets.digital.rema1000.dk/product/labels/31-64.webp"}], "description": null, "info": "", "images": [{"small": "https://rema-product-images.digital.rema1000.dk/83728/1-small-xyqaz389Db.webp", "medium": "https://rema-product-images.digital.rema1000.dk/83728/1-medium-xyqaz389Db.webp", "large": "https://rema-product-images.digital.rema1000.dk/83728/1-large-xyqaz389Db.webp"}], "prices": [{"price": 18.95, "price_over_max_quantity": null, "max_quantity": null, "is_advertised": false, "is_campaign": false, "starting_at": "2025-08-17T00:00:00+00:00", "ending_at": "2099-12-31T00:00:00+00:00", "deposit": null, "compare_unit": "kg", "compare_unit_price": 379, "consumption_unit": null, "consumption_quantity": null}], "temperature_zone": null, "is_self_scale_item": false, "is_weight_item": false, "is_available_in_all_stores": true, "is_batch_item": false}
{"id": 83729, "name": "SALVI", "underline": "50 GR. / LÄKEROL, 2-PAK", "age_limit": null, "hazard_precaution_statements": [], "labels": [{"id": 31, "name": "Ikke tilsat sukker", "image": "https://static-assets.digital.rema1000.dk/product/labels/31-64.webp"}], "description": null, "info": "", "images": [{"small": "https://rema-product-images.digital.rema1000.dk/83729/1-small-pYqx1V591L.webp", "medium": "https://rema-product-images.digital.rema1000.dk/83729/1-medium-pYqx1V591L.webp", "large": "https://rema-product-images.digital.rema1000.dk/83729/1-large-pYqx1V591L.webp"}], "prices": [{"price": 18.95, "price_over_max_quantity": null, "max_quantity": null, "is_advertised": false, "is_campaign": false, "starting_at": "2025-08-17T00:00:00+00:00", "ending_at": "2099-12-31T00:00:00+00:00", "deposit": null, "compare_unit": "kg", "compare_unit_price": 379, "consumption_unit": null, "consumption_quantity": null}], "temperature_zone": null, "is_self_scale_item": false, "is_weight_item": false, "is_available_in_all_stores": true, "is_batch_item": false}
{"id": 83730, "name": "LICORICE SEASALT", "underline": "50 GR. / LÄKEROL, 2-PAK", "age_limit": null, "hazard_precaution_statements": [], "labels": [{"id": 31, "name": "Ikke tilsat sukker", "image": "https://static-assets.digital.rema1000.dk/product/labels/31-64.webp"}], "description": null, "info": "", "images": [{"small": "https://rema-product-images.digital.rema1000.dk/83730/1-small-869Dg3bqMa.webp", "medium": "https://rema-product-images.digital.rema1000.dk/83730/1-medium-869Dg3bqMa.webp", "large": "https://rema-product-images.digital.rema1000.dk/83730/1-large-869Dg3bqMa.webp"}], "prices": [{"price": 18.95, "price_over_max_quantity": null, "max_quantity": null, "is_advertised": false, "is_campaign": false, "starting_at": "2025-08-17T00:00:00+00:00", "ending_at": "2099-12-31T00:00:00+00:00", "deposit": null, "compare_unit": "kg", "compare_unit_price": 379, "consumption_unit": null, "consumption_quantity": null}], "temperature_zone": null, "is_self_scale_item": false, "is_weight_item": false, "is_available_in_all_stores": true, "is_batch_item": false}
{"id": 83740, "name": "FEST MIX", "underline": "200 GR. / SPANGSBERG", "age_limit": null, "hazard_precaution_statements": [], "labels": [], "description": null, "info": "", "images": [{"small": "https://rema-product-images.digital.rema1000.dk/83740/1-small-rQqQjRK9ea.webp", "medium": "https://rema-product-images.digital.rema1000.dk/83740/1-medium-rQqQjRK9ea.webp", "large": "https://rema-product-images.digital.rema1000.dk/83740/1-large-rQqQjRK9ea.webp"}], "prices": [{"price": 29, "price_over_max_quantity": null, "max_quantity": null, "is_advertised": false, "is_campaign": false, "starting_at": "2023-01-12T00:00:00+00:00", "ending_at": "2099-12-31T00:00:00+00:00", "deposit": null, "compare_unit": "kg", "compare_unit_price": 145, "consumption_unit": null, "consumption_quantity": null}], "temperature_zone": null, "is_self_scale_item": false, "is_weight_item": false, "is_available_in_all_stores": true, "is_batch_item": false}
{"id": 83783, "name": "DE STÆRKE", "underline": "160 GR. / NØRREGADE", "age_limit": null, "hazard_precaution_statements": [], "labels": [], "description": null, "info": "", "images": [{"small": "https://rema-product-images.digital.rema1000.dk/83783/1-small-zOPlB40qRW.webp", "medium": "https://rema-product-images.digital.rema1000.dk/83783/1-medium-zOPlB40qRW.webp", "large": "https://rema-product-images.digital.rema1000.dk/83783/1-large-zOPlB40qRW.webp"}], "prices": [{"price": 20, "price_over_max_quantity": null, "max_quantity": null, "is_advertised": false, "is_campaign": false, "starting_at": "2023-04-27T00:00:00+00:00", "ending_at": "2099-12-31T00:00:00+00:00", "deposit": null, "compare_unit": "kg", "compare_unit_price": 125, "consumption_unit": null, "consumption_quantity": null}], "temperature_zone": null, "is_self_scale_item": false, "is_weight_item": false, "is_available_in_all_stores": true, "is_batch_item": false}
{"id": 83943, "name": "DENTAL GUM", "underline": "49 GR. / V6, STRONG MINT", "age_limit": null, "hazard_precaution_statements": [], "labels": [{"id": 31, "name": "Ikke tilsat sukker", "image": "https://static-assets.digital.rema1000.dk/product/labels/31-64.webp"}], "description": null, "info": "", "images": [{"small": "https://rema-product-images.digital.rema1000.dk/83943/1-small-dyomMQAoVm.webp", "medium": "https://rema-product-images.digital.rema1000.dk/83943/1-medium-dyomMQAoVm.webp", "large": "https://rema-product-images.digital.rema1000.dk/83943/1-large-dyomMQAoVm.webp"}], "prices": [{"price": 17.95, "price_over_max_quantity": null, "max_quantity": null, "is_advertised": false, "is_campaign": false, "starting_at": "2024-05-09T00:00:00+00:00", "ending_at": "2099-12-31T00:00:00+00:00", "deposit": null, "compare_unit": "kg", "compare_unit_price": 366.33, "consumption_unit": null, "consumption_quantity": null}], "temperature_zone": null, "is_self_scale_item": false, "is_weight_item": false, "is_available_in_all_stores": true, "is_batch_item": false}
{"id": 84032, "name": "MATADOR MIX DARK", "underline": "270 GR. / HARIBO", "age_limit": null, "hazard_precaution_statements": [], "labels": [], "description": null, "info": "", "images": [{"small": "https://rema-product-images.digital.rema1000.dk/84032/1-small-nDPWnZg9Wa.webp", "medium": "https://rema-product-images.digital.rema1000.dk/84032/1-medium-nDPWnZg9Wa.webp", "large": "https://rema-product-images.digital.rema1000.dk/84032/1-large-nDPWnZg9Wa.webp"}], "prices": [{"price": 27, "price_over_max_quantity": null, "max_quantity": null, "is_advertised": false, "is_campaign": true, "starting_at": "2025-08-14T00:00:00+00:00", "ending_at": "2025-09-03T00:00:00+00:00", "deposit": null, "compare_unit": "kg", "compare_unit_price": 100, "consumption_unit": null, "consumption_quantity": null}], "temperature_zone": null, "is_self_scale_item": false, "is_weight_item": false, "is_available_in_all_stores": true, "is_batch_item": false}
{"id": 84163, "name": "HVID MED HEL NØD", "underline": "100 GR. / RITTER SPORT", "age_limit": null, "hazard_precaution_statements": [], "labels": [{"id": 9001, "name": "Avisvare", "image": "https://static-assets.digital.rema1000.dk/product/labels/9001-64.webp"}, {"id": 95, "name": "Rainforest Alliance", "image": "https://static-assets.digital.rema1000.dk/product/labels/95-64.webp"}], "description": null, "info": "", "images": [{"small": "https://rema-product-images.digital.rema1000.dk/84163/1-small-rDq6zV2qbW.webp", "medium": "https://rema-product-images.digital.rema1000.dk/84163/1-medium-rDq6zV2qbW.webp", "large": "https://rema-product-images.digital.rema1000.dk/84163/1-large-rDq6zV2qbW.webp"}, {"small": "https://rema-product-images.digital.rema1000.dk/84163/2-small-rDq6zV2qbW.webp", "medium": "https://rema-product-images.digital.rema1000.dk/84163/2-medium-rDq6zV2qbW.webp", "large": "https://rema-product-images.digital.rema1000.dk/84163/2-large-rDq6zV2qbW.webp"}], "prices": [{"price": 20, "price_over_max_quantity": null, "max_quantity": null, "is_advertised": true, "is_campaign": true, "starting_at": "2025-08-17T00:00:00+00:00", "ending_at": "2025-08-23T00:00:00+00:00", "deposit": null, "compare_unit": "kg", "compare_unit_price": 200, "consumption_unit": null, "consumption_quantity": null}, {"price": 26.95, "price_over_max_quantity": null, "max_quantity": null, "is_advertised": false, "is_campaign": false, "starting_at": "2025-08-24T00:00:00+00:00", "ending_at": "2099-12-31T00:00:00+00:00", "deposit": null, "compare_unit": "kg", "compare_unit_price": 269.5, "consumption_unit": null, "consumption_quantity": null}], "temperature_zone": null, "is_self_scale_item": false, "is_weight_item": false, "is_available_in_all_stores": true, "is_batch_item": false}
{"id": 84164, "name": "MØRK MED HEL NØD", "underline": "100 GR. / RITTER SPORT", "age_limit": null, "hazard_precaution_statements": [], "labels": [{"id": 9001, "name": "Avisvare", "image": "https://static-assets.digital.rema1000.dk/product/labels/9001-64.webp"}, {"id": 95, "name": "Rainforest Alliance", "image": "https://static-assets.digital.rema1000.dk/product/labels/95-64.webp"}], "description": null, "info": "", "images": [{"small": "https://rema-product-images.digital.rema1000.dk/84164/1-small-AKqeDOYop1.webp", "medium": "https://rema-product-images.digital.rema1000.dk/84164/1-medium-AKqeDOYop1.webp", "large": "https://rema-product-images.digital.rema1000.dk/84164/1-large-AKqeDOYop1.webp"}, {"small": "https://rema-product-images.digital.rema1000.dk/84164/2-small-AKqeDOYop1.webp", "medium": "https://rema-product-images.digital.rema1000.dk/84164/2-medium-AKqeDOYop1.webp", "large": "https://rema-product-images.digital.rema1000.dk/84164/2-large-AKqeDOYop1.webp"}], "prices": [{"price": 20, "price_over_max_quantity": null, "max_quantity": null, "is_advertised": true, "is_campaign": true, "starting_at": "2025-08-17T00:00:00+00:00", "ending_at": "2025-08-23T00:00:00+00:00", "deposit": null, "compare_unit": "kg", "compare_unit_price": 200, "consumption_unit": null, "consumption_quantity": null}, {"price": 26.95, "price_over_max_quantity": null, "max_quantity": null, "is_advertised": false, "is_campaign": false, "starting_at": "2025-08-24T00:00:00+00:00", "ending_at": "2099-12-31T00:00:00+00:00", "deposit": null, "compare_unit": "kg", "compare_unit_price": 269.5, "consumption_unit": null, "consumption_quantity": null}], "temperature_zone": null, "is_self_scale_item": false, "is_weight_item": false, "is_available_in_all_stores": true, "is_batch_item": false}
{"id": 84165, "name": "MÆLK MED HEL NØD", "underline": "100 GR. / RITTER SPORT", "age_limit": null, "hazard_precaution_statements": [], "labels": [{"id": 9001, "name": "Avisvare", "image": "https://static-assets.digital.rema1000.dk/product/labels/9001-64.webp"}, {"id": 95, "name": "Rainforest Alliance", "image": "https://static-assets.digital.rema1000.dk/product/labels/95-64.webp"}], "description": null, "info": "", "images": [{"small": "https://rema-product-images.digital.rema1000.dk/84165/1-small-bJ9YrOkPL5.webp", "medium": "https://rema-product-images.digital.rema1000.dk/84165/1-medium-bJ9YrOkPL5.webp", "large": "https://rema-product-images.digital.rema1000.dk/84165/1-large-bJ9YrOkPL5.webp"}, {"small": "https://rema-product-images.digital.rema1000.dk/84165/2-small-bJ9YrOkPL5.webp", "medium": "https://rema-product-images.digital.rema1000.dk/84165/2-medium-bJ9YrOkPL5.webp", "large": "https://rema-product-images.digital.rema1000.dk/84165/2-large-bJ9YrOkPL5.webp"}], "prices": [{"price": 20, "price_over_max_quantity": null, "max_quantity": null, "is_advertised": true, "is_campaign": true, "starting_at": "2025-08-17T00:00:00+00:00", "ending_at": "2025-08-23T00:00:00+00:00", "deposit": null, "compare_unit": "kg", "compare_unit_price": 200, "consumption_unit": null, "consumption_quantity": null}, {"price": 26.95, "price_over_max_quantity": null, "max_quantity": null, "is_advertised": false, "is_campaign": false, "starting_at": "2025-08-24T00:00:00+00:00", "ending_at": "2099-12-31T00:00:00+00:00", "deposit": null, "compare_unit": "kg", "compare_unit_price": 269.5, "consumption_unit": null, "consumption_quantity": null}], "temperature_zone": null, "is_self_scale_item": false, "is_weight_item": false, "is_available_in_all_stores": true, "is_batch_item": false}
{"id": 84186, "name": "MINT CHEWS", "underline": "38 GR. / REMA 1000", "age_limit": null, "hazard_precaution_statements": [], "labels": [{"id": 2, "name": "REMA1000", "image": "https://static-assets.digital.rema1000.dk/product/labels/2-64.webp"}], "description": null, "info": "", "images": [{"small": "https://rema-product-images.digital.rema1000.dk/84186/1-small-A4PyOr7qLV.webp", "medium": "https://rema-product-images.digital.rema1000.dk/84186/1-medium-A4PyOr7qLV.webp", "large": "https://rema-product-images.digital.rema1000.dk/84186/1-large-A4PyOr7qLV.webp"}], "prices": [{"price": 5, "price_over_max_quantity": null, "max_quantity": null, "is_advertised": false, "is_campaign": false, "starting_at": "2023-05-11T00:00:00+00:00", "ending_at": "2099-12-31T00:00:00+00:00", "deposit": null, "compare_unit": "kg", "compare_unit_price": 131.58, "consumption_unit": null, "consumption_quantity": null}], "temperature_zone": null, "is_self_scale_item": false, "is_weight_item": false, "is_available_in_all_stores": true, "is_batch_item": false}
{"id": 84189, "name": "LAKRIDS CHEWS", "underline": "38 GR. / REMA 1000", "age_limit": null, "hazard_precaution_statements": [], "labels": [{"id": 2, "name": "REMA1000", "image": "https://static-assets.digital.rema1000.dk/product/labels/2-64.webp"}], "description": null, "info": "", "images": [{"small": "https://rema-product-images.digital.rema1000.dk/84189/1-small-ElPBMQ89kG.webp", "medium": "https://rema-product-images.digital.rema1000.dk/84189/1-medium-ElPBMQ89kG.webp", "large": "https://rema-product-images.digital.rema1000.dk/84189/1-large-ElPBMQ89kG.webp"}], "prices": [{"price": 5, "price_over_max_quantity": null, "max_quantity": null, "is_advertised": false, "is_campaign": false, "starting_at": "2023-05-11T00:00:00+00:00", "ending_at": "2099-12-31T00:00:00+00:00", "deposit": null, "compare_unit": "kg", "compare_unit_price": 131.58, "consumption_unit": null, "consumption_quantity": null}], "temperature_zone": null, "is_self_scale_item": false, "is_weight_item": false, "is_available_in_all_stores": true, "is_batch_item": false}
{"id": 84203, "name": "BUBBLEMINT GUM", "underline": "81 GR. / REMA 1000", "age_limit": null, "hazard_precaution_statements": [], "labels": [{"id": 2, "name": "REMA1000", "image": "https://static-assets.digital.rema1000.dk/product/labels/2-64.webp"}, {"id": 31, "name": "Ikke tilsat sukker", "image": "https://static-assets.digital.rema1000.dk/product/labels/31-64.webp"}], "description": null, "info": "", "images": [{"small": "https://rema-product-images.digital.rema1000.dk/84203/1-small-3MoM1Gko5E.webp", "medium": "https://rema-product-images.digital.rema1000.dk/84203/1-medium-3MoM1Gko5E.webp", "large": "https://rema-product-images.digital.rema1000.dk/84203/1-large-3MoM1Gko5E.webp"}], "prices": [{"price": 12.95, "price_over_max_quantity": null, "max_quantity": null, "is_advertised": false, "is_campaign": false, "starting_at": "2022-06-22T00:00:00+00:00", "ending_at": "2099-12-31T00:00:00+00:00", "deposit": null, "compare_unit": "kg", "compare_unit_price": 159.88, "consumption_unit": null, "consumption_quantity": null}], "temperature_zone": null, "is_self_scale_item": false, "is_weight_item": false, "is_available_in_all_stores": true, "is_batch_item": false}
{"id": 84253, "name": "SALTEDE MANDLER", "underline": "100 GR. / RITTER SPORT", "age_limit": null, "hazard_precaution_statements": [], "labels": [{"id": 9001, "name": "Avisvare", "image": "https://static-assets.digital.rema1000.dk/product/labels/9001-64.webp"}, {"id": 95, "name": "Rainforest Alliance", "image": "https://static-assets.digital.rema1000.dk/product/labels/95-64.webp"}], "description": null, "info": "", "images": [{"small": "https://rema-product-images.digital.rema1000.dk/84253/1-small-aboKYbm9pM.webp", "medium": "https://rema-product-images.digital.rema1000.dk/84253/1-medium-aboKYbm9pM.webp", "large": "https://rema-product-images.digital.rema1000.dk/84253/1-large-aboKYbm9pM.webp"}, {"small": "https://rema-product-images.digital.rema1000.dk/84253/2-small-aboKYbm9pM.webp", "medium": "https://rema-product-images.digital.rema1000.dk/84253/2-medium-aboKYbm9pM.webp", "large": "https://rema-product-images.digital.rema1000.dk/84253/2-large-aboKYbm9pM.webp"}], "prices": [{"price": 20, "price_over_max_quantity": null, "max_quantity": null, "is_advertised": true, "is_campaign": false, "starting_at": "2025-08-17T00:00:00+00:00", "ending_at": "2025-11-15T00:00:00+00:00", "deposit": null, "compare_unit": "kg", "compare_unit_price": 200, "consumption_unit": null, "consumption_quantity": null}], "temperature_zone": null, "is_self_scale_item": false, "is_weight_item": false, "is_available_in_all_stores": true, "is_batch_item": true}
{"id": 84269, "name": "FREE SOFT BAR", "underline": "30 GR. / EASIS, CARAMEL MILK CHOCO", "age_limit": null, "hazard_precaution_statements": [], "labels": [{"id": 31, "name": "Ikke tilsat sukker", "image": "https://static-assets.digital.rema1000.dk/product/labels/31-64.webp"}], "description": null, "info": "", "images": [{"small": "https://rema-product-images.digital.rema1000.dk/84269/1-small-Ea91XpjqzY.webp", "medium": "https://rema-product-images.digital.rema1000.dk/84269/1-medium-Ea91XpjqzY.webp", "large": "https://rema-product-images.digital.rema1000.dk/84269/1-large-Ea91XpjqzY.webp"}], "prices": [{"price": 12.95, "price_over_max_quantity": null, "max_quantity": null, "is_advertised": false, "is_campaign": false, "starting_at": "2025-08-17T00:00:00+00:00", "ending_at": "2099-12-31T00:00:00+00:00", "deposit": null, "compare_unit": "kg", "compare_unit_price": 431.67, "consumption_unit": null, "consumption_quantity": null}], "temperature_zone": null, "is_self_scale_item": false, "is_weight_item": false, "is_available_in_all_stores": true, "is_batch_item": false}
{"id": 84368, "name": "PEANUT BUTTER", "underline": "340 GR. / PARADISO, CRUNCHY", "age_limit": null, "hazard_precaution_statements": [], "labels": [{"id": 5, "name": "Økologi", "image": "https://static-assets.digital.rema1000.dk/product/labels/5-64.webp"}], "description": null, "info": "", "images": [{"small": "https://rema-product-images.digital.rema1000.dk/84368/1-small-vXodaWxq3k.webp", "medium": "https://rema-product-images.digital.rema1000.dk/84368/1-medium-vXodaWxq3k.webp", "large": "https://rema-product-images.digital.rema1000.dk/84368/1-large-vXodaWxq3k.webp"}], "prices": [{"price": 24.95, "price_over_max_quantity": null, "max_quantity": null, "is_advertised": false, "is_campaign": false, "starting_at": "2023-02-09T00:00:00+00:00", "ending_at": "2099-12-31T00:00:00+00:00", "deposit": null, "compare_unit": "kg", "compare_unit_price": 73.38, "consumption_unit": null, "consumption_quantity": null}], "temperature_zone": null, "is_self_scale_item": false, "is_weight_item": false, "is_available_in_all_stores": true, "is_batch_item": false}
{"id": 84403, "name": "TIL DE SØDE ØJEBLIKKE", "underline": "230 GR. / ANTHON BERG", "age_limit": null, "hazard_precaution_statements": [], "labels": [], "description": null, "info": "", "images": [{"small": "https://rema-product-images.digital.rema1000.dk/84403/1-small-3MoM1Mlo5E.webp", "medium": "https://rema-product-images.digital.rema1000.dk/84403/1-medium-3MoM1Mlo5E.webp", "large": "https://rema-product-images.digital.rema1000.dk/84403/1-large-3MoM1Mlo5E.webp"}], "prices": [{"price": 59, "price_over_max_quantity": null, "max_quantity": null, "is_advertised": false, "is_campaign": false, "starting_at": "2025-02-06T00:00:00+00:00", "ending_at": "2099-12-31T00:00:00+00:00", "deposit": null, "compare_unit": "kg", "compare_unit_price": 256.52, "consumption_unit": null, "consumption_quantity": null}], "temperature_zone": null, "is_self_scale_item": false, "is_weight_item": false, "is_available_in_all_stores": true, "is_batch_item": false}
{"id": 84510, "name": "FAZERMINT", "underline": "41 GR. / FAZER", "age_limit": null, "hazard_precaution_statements": [], "labels": [], "description": null, "info": "", "images": [{"small": "https://rema-product-images.digital.rema1000.dk/84510/1-small-Al900lR98w.webp", "medium": "https://rema-product-images.digital.rema1000.dk/84510/1-medium-Al900lR98w.webp", "large": "https://rema-product-images.digital.rema1000.dk/84510/1-large-Al900lR98w.webp"}], "prices": [{"price": 11.95, "price_over_max_quantity": null, "max_quantity": null, "is_advertised": false, "is_campaign": false, "starting_at": "2023-02-09T00:00:00+00:00", "ending_at": "2025-09-06T00:00:00+00:00", "deposit": null, "compare_unit": "kg", "compare_unit_price": 291.46, "consumption_unit": null, "consumption_quantity": null}], "temperature_zone": null, "is_self_scale_item": false, "is_weight_item": false, "is_available_in_all_stores": true, "is_batch_item": false}
{"id": 84636, "name": "HAVSALT LAKRIDS", "underline": "50 GR. / REMA 1000, 2-PAK", "age_limit": null, "hazard_precaution_statements": [], "labels": [{"id": 2, "name": "REMA1000", "image": "https://static-assets.digital.rema1000.dk/product/labels/2-64.webp"}, {"id": 31, "name": "Ikke tilsat sukker", "image": "https://static-assets.digital.rema1000.dk/product/labels/31-64.webp"}], "description": null, "info": "", "images": [{"small": "https://rema-product-images.digital.rema1000.dk/84636/1-small-7doLZkE96r.webp", "medium": "https://rema-product-images.digital.rema1000.dk/84636/1-medium-7doLZkE96r.webp", "large": "https://rema-product-images.digital.rema1000.dk/84636/1-large-7doLZkE96r.webp"}], "prices": [{"price": 10, "price_over_max_quantity": null, "max_quantity": null, "is_advertised": false, "is_campaign": false, "starting_at": "2022-06-22T00:00:00+00:00", "ending_at": "2099-12-31T00:00:00+00:00", "deposit": null, "compare_unit": "kg", "compare_unit_price": 200, "consumption_unit": null, "consumption_quantity": null}], "temperature_zone": null, "is_self_scale_item": false, "is_weight_item": false, "is_available_in_all_stores": true, "is_batch_item": false}
{"id": 84637, "name": "KAKTUS FLAVOUR LAKRIDS", "underline": "50 GR. / REMA 1000, 2-PAK", "age_limit": null, "hazard_precaution_statements": [], "labels": [{"id": 2, "name": "REMA1000", "image": "https://static-assets.digital.rema1000.dk/product/labels/2-64.webp"}, {"id": 31, "name": "Ikke tilsat sukker", "image": "https://static-assets.digital.rema1000.dk/product/labels/31-64.webp"}], "description": null, "info": "", "images": [{"small": "https://rema-product-images.digital.rema1000.dk/84637/1-small-JzPJ6kYPkb.webp", "medium": "https://rema-product-images.digital.rema1000.dk/84637/1-medium-JzPJ6kYPkb.webp", "large": "https://rema-product-images.digital.rema1000.dk/84637/1-large-JzPJ6kYPkb.webp"}], "prices": [{"price": 10, "price_over_max_quantity": null, "max_quantity": null, "is_advertised": false, "is_campaign": false, "starting_at": "2022-06-22T00:00:00+00:00", "ending_at": "2099-12-31T00:00:00+00:00", "deposit": null, "compare_unit": "kg", "compare_unit_price": 200, "consumption_unit": null, "consumption_quantity": null}], "temperature_zone": null, "is_self_scale_item": false, "is_weight_item": false, "is_available_in_all_stores": true, "is_batch_item": false}
{"id": 84653, "name": "BUBBLE GUM", "underline": "85 GR. / REMA 1000", "age_limit": null, "hazard_precaution_statements": [], "labels": [{"id": 2, "name": "REMA1000", "image": "https://static-assets.digital.rema1000.dk/product/labels/2-64.webp"}], "description": null, "info": "", "images": [{"small": "https://rema-product-images.digital.rema1000.dk/84653/1-small-aboKYkw9pM.webp", "medium": "https://rema-product-images.digital.rema1000.dk/84653/1-medium-aboKYkw9pM.webp", "large": "https://rema-product-images.digital.rema1000.dk/84653/1-large-aboKYkw9pM.webp"}], "prices": [{"price": 10, "price_over_max_quantity": null, "max_quantity": null, "is_advertised": false, "is_campaign": false, "starting_at": "2023-10-05T00:00:00+00:00", "ending_at": "2099-12-31T00:00:00+00:00", "deposit": null, "compare_unit": "kg", "compare_unit_price": 117.65, "consumption_unit": null, "consumption_quantity": null}], "temperature_zone": null, "is_self_scale_item": false, "is_weight_item": false, "is_available_in_all_stores": true, "is_batch_item": false}
{"id": 85007, "name": "PROTEINBAR", "underline": "45 GR. / REMA 1000, PEANUT BUTTER", "age_limit": null, "hazard_precaution_statements": [], "labels": [{"id": 2, "name": "REMA1000", "image": "https://static-assets.digital.rema1000.dk/product/labels/2-64.webp"}, {"id": 31, "name": "Ikke tilsat sukker", "image": "https://static-assets.digital.rema1000.dk/product/labels/31-64.webp"}], "description": null, "info": "", "images": [{"small": "https://rema-product-images.digital.rema1000.dk/85007/1-small-v09gGmG9AW.webp", "medium": "https://rema-product-images.digital.rema1000.dk/85007/1-medium-v09gGmG9AW.webp", "large": "https://rema-product-images.digital.rema1000.dk/85007/1-large-v09gGmG9AW.webp"}], "prices": [{"price": 14.95, "price_over_max_quantity": null, "max_quantity": null, "is_advertised": false, "is_campaign": false, "starting_at": "2023-09-20T00:00:00+00:00", "ending_at": "2025-08-23T00:00:00+00:00", "deposit": null, "compare_unit": "kg", "compare_unit_price": 332.22, "consumption_unit": null, "consumption_quantity": null}], "temperature_zone": null, "is_self_scale_item": false, "is_weight_item": false, "is_available_in_all_stores": true, "is_batch_item": false}
{"id": 85156, "name": "MATADOR MIX", "underline": "275 GR. / HARIBO", "age_limit": null, "hazard_precaution_statements": [], "labels": [], "description": null, "info": "", "images": [{"small": "https://rema-product-images.digital.rema1000.dk/85156/1-small-18oX55Yqkb.webp", "medium": "https://rema-product-images.digital.rema1000.dk/85156/1-medium-18oX55Yqkb.webp", "large": "https://rema-product-images.digital.rema1000.dk/85156/1-large-18oX55Yqkb.webp"}], "prices": [{"price": 27.5, "price_over_max_quantity": null, "max_quantity": null, "is_advertised": false, "is_campaign": true, "starting_at": "2025-08-14T00:00:00+00:00", "ending_at": "2025-09-03T00:00:00+00:00", "deposit": null, "compare_unit": "kg", "compare_unit_price": 100, "consumption_unit": null, "consumption_quantity": null}], "temperature_zone": null, "is_self_scale_item": false, "is_weight_item": false, "is_available_in_all_stores": true, "is_batch_item": false}
{"id": 85158, "name": "STJERNE MIX", "underline": "275 GR. / HARIBO", "age_limit": null, "hazard_precaution_statements": [], "labels": [], "description": null, "info": "", "images": [{"small": "https://rema-product-images.digital.rema1000.dk/85158/1-small-3MovYYZPAb.webp", "medium": "https://rema-product-images.digital.rema1000.dk/85158/1-medium-3MovYYZPAb.webp", "large": "https://rema-product-images.digital.rema1000.dk/85158/1-large-3MovYYZPAb.webp"}], "prices": [{"price": 27.5, "price_over_max_quantity": null, "max_quantity": null, "is_advertised": false, "is_campaign": true, "starting_at": "2025-08-14T00:00:00+00:00", "ending_at": "2025-09-03T00:00:00+00:00", "deposit": null, "compare_unit": "kg", "compare_unit_price": 100, "consumption_unit": null, "consumption_quantity": null}], "temperature_zone": null, "is_self_scale_item": false, "is_weight_item": false, "is_available_in_all_stores": true, "is_batch_item": false}
{"id": 85603, "name": "WERTHER'S ORIGINAL", "underline": "42 GR. / STORCK", "age_limit": null, "hazard_precaution_statements": [], "labels": [{"id": 31, "name": "Ikke tilsat sukker", "image": "https://static-assets.digital.rema1000.dk/product/labels/31-64.webp"}], "description": null, "info": "", "images": [{"small": "https://rema-product-images.digital.rema1000.dk/85603/1-small-3MoMV8ayq5.webp", "medium": "https://rema-product-images.digital.rema1000.dk/85603/1-medium-3MoMV8ayq5.webp", "large": "https://rema-product-images.digital.rema1000.dk/85603/1-large-3MoMV8ayq5.webp"}], "prices": [{"price": 11.95, "price_over_max_quantity": null, "max_quantity": null, "is_advertised": false, "is_campaign": false, "starting_at": "2025-07-03T00:00:00+00:00", "ending_at": "2099-12-31T00:00:00+00:00", "deposit": null, "compare_unit": "kg", "compare_unit_price": 284.52, "consumption_unit": null, "consumption_quantity": null}], "temperature_zone": null, "is_self_scale_item": false, "is_weight_item": false, "is_available_in_all_stores": true, "is_batch_item": false}
{"id": 85615, "name": "TOFFIFEE", "underline": "125 GR. / STORCK", "age_limit": null, "hazard_precaution_statements": [], "labels": [], "description": null, "info": "", "images": [{"small": "https://rema-product-images.digital.rema1000.dk/85615/1-small-KpqRr4zdqL.webp", "medium": "https://rema-product-images.digital.rema1000.dk/85615/1-medium-KpqRr4zdqL.webp", "large": "https://rema-product-images.digital.rema1000.dk/85615/1-large-KpqRr4zdqL.webp"}], "prices": [{"price": 25.95, "price_over_max_quantity": null, "max_quantity": null, "is_advertised": false, "is_campaign": false, "starting_at": "2025-02-06T00:00:00+00:00", "ending_at": "2099-12-31T00:00:00+00:00", "deposit": null, "compare_unit": "kg", "compare_unit_price": 207.6, "consumption_unit": null, "consumption_quantity": null}], "temperature_zone": null, "is_self_scale_item": false, "is_weight_item": false, "is_available_in_all_stores": true, "is_batch_item": false}
{"id": 85618, "name": "MAMBA", "underline": "106 GR. / STORCK", "age_limit": null, "hazard_precaution_statements": [], "labels": [], "description": null, "info": "", "images": [{"small": "https://rema-product-images.digital.rema1000.dk/85618/1-small-2B943barqk.webp", "medium": "https://rema-product-images.digital.rema1000.dk/85618/1-medium-2B943barqk.webp", "large": "https://rema-product-images.digital.rema1000.dk/85618/1-large-2B943barqk.webp"}], "prices": [{"price": 13, "price_over_max_quantity": null, "max_quantity": null, "is_advertised": false, "is_campaign": false, "starting_at": "2025-02-06T00:00:00+00:00", "ending_at": "2099-12-31T00:00:00+00:00", "deposit": null, "compare_unit": "kg", "compare_unit_price": 122.64, "consumption_unit": null, "consumption_quantity": null}], "temperature_zone": null, "is_self_scale_item": false, "is_weight_item": false, "is_available_in_all_stores": true, "is_batch_item": false}
{"id": 85625, "name": "3X KNOPPERS", "underline": "75 GR. / STORCK", "age_limit": null, "hazard_precaution_statements": [], "labels": [], "description": null, "info": "", "images": [{"small": "https://rema-product-images.digital.rema1000.dk/85625/1-small-Ea91ZQEZPz.webp", "medium": "https://rema-product-images.digital.rema1000.dk/85625/1-medium-Ea91ZQEZPz.webp", "large": "https://rema-product-images.digital.rema1000.dk/85625/1-large-Ea91ZQEZPz.webp"}], "prices": [{"price": 15.5, "price_over_max_quantity": null, "max_quantity": null, "is_advertised": false, "is_campaign": false, "starting_at": "2025-07-03T00:00:00+00:00", "ending_at": "2099-12-31T00:00:00+00:00", "deposit": null, "compare_unit": "kg", "compare_unit_price": 206.67, "consumption_unit": null, "consumption_quantity": null}], "temperature_zone": null, "is_self_scale_item": false, "is_weight_item": false, "is_available_in_all_stores": true, "is_batch_item": false}
{"id": 85667, "name": "LAKRIDSKUGLER", "underline": "125 GR. / REMA 1000, MILD", "age_limit": null, "hazard_precaution_statements": [], "labels": [{"id": 2, "name": "REMA1000", "image": "https://static-assets.digital.rema1000.dk/product/labels/2-64.webp"}], "description": null, "info": "", "images": [{"small": "https://rema-product-images.digital.rema1000.dk/85667/1-small-MNqZnj47qA.webp", "medium": "https://rema-product-images.digital.rema1000.dk/85667/1-medium-MNqZnj47qA.webp", "large": "https://rema-product-images.digital.rema1000.dk/85667/1-large-MNqZnj47qA.webp"}], "prices": [{"price": 24.95, "price_over_max_quantity": null, "max_quantity": null, "is_advertised": false, "is_campaign": false, "starting_at": "2024-11-01T00:00:00+00:00", "ending_at": "2099-12-31T00:00:00+00:00", "deposit": null, "compare_unit": "kg", "compare_unit_price": 199.6, "consumption_unit": null, "consumption_quantity": null}], "temperature_zone": null, "is_self_scale_item": false, "is_weight_item": false, "is_available_in_all_stores": true, "is_batch_item": false}
{"id": 85669, "name": "CHOKO MANDLER", "underline": "115 GR. / REMA 1000", "age_limit": null, "hazard_precaution_statements": [], "labels": [{"id": 2, "name": "REMA1000", "image": "https://static-assets.digital.rema1000.dk/product/labels/2-64.webp"}], "description": null, "info": "", "images": [{"small": "https://rema-product-images.digital.rema1000.dk/85669/1-small-Ea91ZQ1ZPz.webp", "medium": "https://rema-product-images.digital.rema1000.dk/85669/1-medium-Ea91ZQ1ZPz.webp", "large": "https://rema-product-images.digital.rema1000.dk/85669/1-large-Ea91ZQ1ZPz.webp"}], "prices": [{"price": 24.95, "price_over_max_quantity": null, "max_quantity": null, "is_advertised": false, "is_campaign": false, "starting_at": "2024-11-01T00:00:00+00:00", "ending_at": "2099-12-31T00:00:00+00:00", "deposit": null, "compare_unit": "kg", "compare_unit_price": 216.96, "consumption_unit": null, "consumption_quantity": null}], "temperature_zone": null, "is_self_scale_item": false, "is_weight_item": false, "is_available_in_all_stores": true, "is_batch_item": false}
{"id": 85702, "name": "SALMIAK PADDER", "underline": "200 GR. / REMA 1000", "age_limit": null, "hazard_precaution_statements": [], "labels": [{"id": 2, "name": "REMA1000", "image": "https://static-assets.digital.rema1000.dk/product/labels/2-64.webp"}], "description": null, "info": "", "images": [{"small": "https://rema-product-images.digital.rema1000.dk/85702/1-small-kAonlvxa9x.webp", "medium": "https://rema-product-images.digital.rema1000.dk/85702/1-medium-kAonlvxa9x.webp", "large": "https://rema-product-images.digital.rema1000.dk/85702/1-large-kAonlvxa9x.webp"}], "prices": [{"price": 19.25, "price_over_max_quantity": null, "max_quantity": null, "is_advertised": false, "is_campaign": false, "starting_at": "2025-02-20T00:00:00+00:00", "ending_at": "2099-12-31T00:00:00+00:00", "deposit": null, "compare_unit": "kg", "compare_unit_price": 96.25, "consumption_unit": null, "consumption_quantity": null}], "temperature_zone": null, "is_self_scale_item": false, "is_weight_item": false, "is_available_in_all_stores": true, "is_batch_item": false}
{"id": 85703, "name": "BOLSJEBLANDING", "underline": "200 GR. / REMA 1000", "age_limit": null, "hazard_precaution_statements": [], "labels": [{"id": 2, "name": "REMA1000", "image": "https://static-assets.digital.rema1000.dk/product/labels/2-64.webp"}], "description": null, "info": "", "images": [{"small": "https://rema-product-images.digital.rema1000.dk/85703/1-small-3MoMV8l6q5.webp", "medium": "https://rema-product-images.digital.rema1000.dk/85703/1-medium-3MoMV8l6q5.webp", "large": "https://rema-product-images.digital.rema1000.dk/85703/1-large-3MoMV8l6q5.webp"}], "prices": [{"price": 19.25, "price_over_max_quantity": null, "max_quantity": null, "is_advertised": false, "is_campaign": false, "starting_at": "2025-02-20T00:00:00+00:00", "ending_at": "2099-12-31T00:00:00+00:00", "deposit": null, "compare_unit": "kg", "compare_unit_price": 96.25, "consumption_unit": null, "consumption_quantity": null}], "temperature_zone": null, "is_self_scale_item": false, "is_weight_item": false, "is_available_in_all_stores": true, "is_batch_item": false}
{"id": 85742, "name": "BRIDGE BLANDING", "underline": "160 GR. / CARLETTI", "age_limit": null, "hazard_precaution_statements": [], "labels": [], "description": null, "info": "", "images": [{"small": "https://rema-product-images.digital.rema1000.dk/85742/1-small-A4Py0Mvk9L.webp", "medium": "https://rema-product-images.digital.rema1000.dk/85742/1-medium-A4Py0Mvk9L.webp", "large": "https://rema-product-images.digital.rema1000.dk/85742/1-large-A4Py0Mvk9L.webp"}], "prices": [{"price": 31.95, "price_over_max_quantity": null, "max_quantity": null, "is_advertised": false, "is_campaign": false, "starting_at": "2025-05-08T00:00:00+00:00", "ending_at": "2099-12-31T00:00:00+00:00", "deposit": null, "compare_unit": "kg", "compare_unit_price": 199.69, "consumption_unit": null, "consumption_quantity": null}], "temperature_zone": null, "is_self_scale_item": false, "is_weight_item": false, "is_available_in_all_stores": true, "is_batch_item": false}
{"id": 85817, "name": "VINGUMMIBAMSER", "underline": "200 GR. / REMA 1000", "age_limit": null, "hazard_precaution_statements": [], "labels": [{"id": 2, "name": "REMA1000", "image": "https://static-assets.digital.rema1000.dk/product/labels/2-64.webp"}], "description": null, "info": "", "images": [{"small": "https://rema-product-images.digital.rema1000.dk/85817/1-small-Z8qplBdGq3.webp", "medium": "https://rema-product-images.digital.rema1000.dk/85817/1-medium-Z8qplBdGq3.webp", "large": "https://rema-product-images.digital.rema1000.dk/85817/1-large-Z8qplBdGq3.webp"}], "prices": [{"price": 20, "price_over_max_quantity": null, "max_quantity": null, "is_advertised": false, "is_campaign": false, "starting_at": "2020-03-24T00:00:00+00:00", "ending_at": "2099-12-31T00:00:00+00:00", "deposit": null, "compare_unit": "kg", "compare_unit_price": 100, "consumption_unit": null, "consumption_quantity": null}], "temperature_zone": null, "is_self_scale_item": false, "is_weight_item": false, "is_available_in_all_stores": true, "is_batch_item": false}
{"id": 85882, "name": "SOUR STÆNGER", "underline": "110 GR. / KATJES, JORDBÆRSMAG", "age_limit": null, "hazard_precaution_statements": [], "labels": [], "description": null, "info": "", "images": [{"small": "https://rema-product-images.digital.rema1000.dk/85882/1-small-MBoNnr4Wov.webp", "medium": "https://rema-product-images.digital.rema1000.dk/85882/1-medium-MBoNnr4Wov.webp", "large": "https://rema-product-images.digital.rema1000.dk/85882/1-large-MBoNnr4Wov.webp"}], "prices": [{"price": 17.95, "price_over_max_quantity": null, "max_quantity": null, "is_advertised": false, "is_campaign": false, "starting_at": "2024-07-04T00:00:00+00:00", "ending_at": "2099-12-31T00:00:00+00:00", "deposit": null, "compare_unit": "kg", "compare_unit_price": 163.18, "consumption_unit": null, "consumption_quantity": null}], "temperature_zone": null, "is_self_scale_item": false, "is_weight_item": false, "is_available_in_all_stores": true, "is_batch_item": false}
{"id": 85946, "name": "DUMLE", "underline": "120 GR. / ORIGINAL", "age_limit": null, "hazard_precaution_statements": [], "labels": [], "description": null, "info": "", "images": [{"small": "https://rema-product-images.digital.rema1000.dk/85946/1-small-kAonlvRG9x.webp", "medium": "https://rema-product-images.digital.rema1000.dk/85946/1-medium-kAonlvRG9x.webp", "large": "https://rema-product-images.digital.rema1000.dk/85946/1-large-kAonlvRG9x.webp"}], "prices": [{"price": 21.95, "price_over_max_quantity": null, "max_quantity": null, "is_advertised": false, "is_campaign": false, "starting_at": "2023-02-09T00:00:00+00:00", "ending_at": "2099-12-31T00:00:00+00:00", "deposit": null, "compare_unit": "kg", "compare_unit_price": 182.92, "consumption_unit": null, "consumption_quantity": null}], "temperature_zone": null, "is_self_scale_item": false, "is_weight_item": false, "is_available_in_all_stores": true, "is_batch_item": false}
{"id": 86075, "name": "COUNTRY", "underline": "23.5 GR. / KINDER", "age_limit": null, "hazard_precaution_statements": [], "labels": [{"id": 9001, "name": "Avisvare", "image": "https://static-assets.digital.rema1000.dk/product/labels/9001-64.webp"}], "description": null, "info": "", "images": [{"small": "https://rema-product-images.digital.rema1000.dk/86075/1-small-01q23Wgd97.webp", "medium": "https://rema-product-images.digital.rema1000.dk/86075/1-medium-01q23Wgd97.webp", "large": "https://rema-product-images.digital.rema1000.dk/86075/1-large-01q23Wgd97.webp"}], "prices": [{"price": 5, "price_over_max_quantity": null, "max_quantity": null, "is_advertised": true, "is_campaign": false, "starting_at": "2025-08-17T00:00:00+00:00", "ending_at": "2025-11-15T00:00:00+00:00", "deposit": null, "compare_unit": "kg", "compare_unit_price": 212.77, "consumption_unit": null, "consumption_quantity": null}], "temperature_zone": null, "is_self_scale_item": false, "is_weight_item": false, "is_available_in_all_stores": true, "is_batch_item": true}
{"id": 86093, "name": "PROTEIN BAR", "underline": "45 GR. / CORNY, PEANUT CARAMEL", "age_limit": null, "hazard_precaution_statements": [], "labels": [{"id": 9001, "name": "Avisvare", "image": "https://static-assets.digital.rema1000.dk/product/labels/9001-64.webp"}, {"id": 31, "name": "Ikke tilsat sukker", "image": "https://static-assets.digital.rema1000.dk/product/labels/31-64.webp"}], "description": null, "info": "", "images": [{"small": "https://rema-product-images.digital.rema1000.dk/86093/1-small-xQq8gvbLoZ.webp", "medium": "https://rema-product-images.digital.rema1000.dk/86093/1-medium-xQq8gvbLoZ.webp", "large": "https://rema-product-images.digital.rema1000.dk/86093/1-large-xQq8gvbLoZ.webp"}], "prices": [{"price": 15, "price_over_max_quantity": null, "max_quantity": null, "is_advertised": true, "is_campaign": false, "starting_at": "2025-08-17T00:00:00+00:00", "ending_at": "2025-11-15T00:00:00+00:00", "deposit": null, "compare_unit": "kg", "compare_unit_price": 333.33, "consumption_unit": null, "consumption_quantity": null}], "temperature_zone": null, "is_self_scale_item": false, "is_weight_item": false, "is_available_in_all_stores": true, "is_batch_item": true}
{"id": 86109, "name": "PEANUT", "underline": "250 GR. / M&M'S", "age_limit": null, "hazard_precaution_statements": [], "labels": [], "description": null, "info": "", "images": [{"small": "https://rema-product-images.digital.rema1000.dk/86109/1-small-aboK8aW8qp.webp", "medium": "https://rema-product-images.digital.rema1000.dk/86109/1-medium-aboK8aW8qp.webp", "large": "https://rema-product-images.digital.rema1000.dk/86109/1-large-aboK8aW8qp.webp"}], "prices": [{"price": 46.95, "price_over_max_quantity": null, "max_quantity": null, "is_advertised": false, "is_campaign": false, "starting_at": "2025-07-03T00:00:00+00:00", "ending_at": "2099-12-31T00:00:00+00:00", "deposit": null, "compare_unit": "kg", "compare_unit_price": 187.8, "consumption_unit": null, "consumption_quantity": null}], "temperature_zone": null, "is_self_scale_item": false, "is_weight_item": false, "is_available_in_all_stores": true, "is_batch_item": false}
{"id": 86110, "name": "CHOKOLADE", "underline": "250 GR. / M&M'S", "age_limit": null, "hazard_precaution_statements": [], "labels": [], "description": null, "info": "", "images": [{"small": "https://rema-product-images.digital.rema1000.dk/86110/1-small-Al90Wdp3q8.webp", "medium": "https://rema-product-images.digital.rema1000.dk/86110/1-medium-Al90Wdp3q8.webp", "large": "https://rema-product-images.digital.rema1000.dk/86110/1-large-Al90Wdp3q8.webp"}], "prices": [{"price": 46.95, "price_over_max_quantity": null, "max_quantity": null, "is_advertised": false, "is_campaign": false, "starting_at": "2025-07-03T00:00:00+00:00", "ending_at": "2099-12-31T00:00:00+00:00", "deposit": null, "compare_unit": "kg", "compare_unit_price": 187.8, "consumption_unit": null, "consumption_quantity": null}], "temperature_zone": null, "is_self_scale_item": false, "is_weight_item": false, "is_available_in_all_stores": true, "is_batch_item": false}
{"id": 86130, "name": "TIC TAC", "underline": "54 GR. / MINT", "age_limit": null, "hazard_precaution_statements": [], "labels": [], "description": null, "info": "", "images": [{"small": "https://rema-product-images.digital.rema1000.dk/86130/1-small-869D7WQrqM.webp", "medium": "https://rema-product-images.digital.rema1000.dk/86130/1-medium-869D7WQrqM.webp", "large": "https://rema-product-images.digital.rema1000.dk/86130/1-large-869D7WQrqM.webp"}], "prices": [{"price": 15, "price_over_max_quantity": null, "max_quantity": null, "is_advertised": false, "is_campaign": false, "starting_at": "2024-12-26T00:00:00+00:00", "ending_at": "2099-12-31T00:00:00+00:00", "deposit": null, "compare_unit": "kg", "compare_unit_price": 277.78, "consumption_unit": null, "consumption_quantity": null}], "temperature_zone": null, "is_self_scale_item": false, "is_weight_item": false, "is_available_in_all_stores": true, "is_batch_item": false}
{"id": 86190, "name": "SALTY LIQUORICE", "underline": "80 GR. / EASIS", "age_limit": null, "hazard_precaution_statements": [], "labels": [{"id": 31, "name": "Ikke tilsat sukker", "image": "https://static-assets.digital.rema1000.dk/product/labels/31-64.webp"}], "description": null, "info": "", "images": [{"small": "https://rema-product-images.digital.rema1000.dk/86190/1-small-kAonlv539x.webp", "medium": "https://rema-product-images.digital.rema1000.dk/86190/1-medium-kAonlv539x.webp", "large": "https://rema-product-images.digital.rema1000.dk/86190/1-large-kAonlv539x.webp"}], "prices": [{"price": 17, "price_over_max_quantity": null, "max_quantity": null, "is_advertised": false, "is_campaign": false, "starting_at": "2025-03-27T00:00:00+00:00", "ending_at": "2025-08-23T00:00:00+00:00", "deposit": null, "compare_unit": "kg", "compare_unit_price": 212.5, "consumption_unit": null, "consumption_quantity": null}], "temperature_zone": null, "is_self_scale_item": false, "is_weight_item": false, "is_available_in_all_stores": true, "is_batch_item": false}
{"id": 86191, "name": "FRUIT GUMS", "underline": "80 GR. / EASIS", "age_limit": null, "hazard_precaution_statements": [], "labels": [{"id": 31, "name": "Ikke tilsat sukker", "image": "https://static-assets.digital.rema1000.dk/product/labels/31-64.webp"}], "description": null, "info": "", "images": [{"small": "https://rema-product-images.digital.rema1000.dk/86191/1-small-3MoMV8R7q5.webp", "medium": "https://rema-product-images.digital.rema1000.dk/86191/1-medium-3MoMV8R7q5.webp", "large": "https://rema-product-images.digital.rema1000.dk/86191/1-large-3MoMV8R7q5.webp"}], "prices": [{"price": 17, "price_over_max_quantity": null, "max_quantity": null, "is_advertised": false, "is_campaign": false, "starting_at": "2025-03-27T00:00:00+00:00", "ending_at": "2025-08-23T00:00:00+00:00", "deposit": null, "compare_unit": "kg", "compare_unit_price": 212.5, "consumption_unit": null, "consumption_quantity": null}], "temperature_zone": null, "is_self_scale_item": false, "is_weight_item": false, "is_available_in_all_stores": true, "is_batch_item": false}
{"id": 86192, "name": "TOPPER", "underline": "144 GR. / SAMBA", "age_limit": null, "hazard_precaution_statements": [], "labels": [], "description": null, "info": "", "images": [{"small": "https://rema-product-images.digital.rema1000.dk/86192/1-small-OJq52zbB9p.webp", "medium": "https://rema-product-images.digital.rema1000.dk/86192/1-medium-OJq52zbB9p.webp", "large": "https://rema-product-images.digital.rema1000.dk/86192/1-large-OJq52zbB9p.webp"}], "prices": [{"price": 24.95, "price_over_max_quantity": null, "max_quantity": null, "is_advertised": false, "is_campaign": false, "starting_at": "2025-05-08T00:00:00+00:00", "ending_at": "2099-12-31T00:00:00+00:00", "deposit": null, "compare_unit": "kg", "compare_unit_price": 173.26, "consumption_unit": null, "consumption_quantity": null}], "temperature_zone": null, "is_self_scale_item": false, "is_weight_item": false, "is_available_in_all_stores": true, "is_batch_item": false}
{"id": 86193, "name": "MINI FLØDEBOLLER", "underline": "144 GR. / SAMBA", "age_limit": null, "hazard_precaution_statements": [], "labels": [], "description": null, "info": "", "images": [{"small": "https://rema-product-images.digital.rema1000.dk/86193/1-small-xQq8gvAzoZ.webp", "medium": "https://rema-product-images.digital.rema1000.dk/86193/1-medium-xQq8gvAzoZ.webp", "large": "https://rema-product-images.digital.rema1000.dk/86193/1-large-xQq8gvAzoZ.webp"}], "prices": [{"price": 24.95, "price_over_max_quantity": null, "max_quantity": null, "is_advertised": false, "is_campaign": false, "starting_at": "2025-05-08T00:00:00+00:00", "ending_at": "2099-12-31T00:00:00+00:00", "deposit": null, "compare_unit": "kg", "compare_unit_price": 173.26, "consumption_unit": null, "consumption_quantity": null}], "temperature_zone": null, "is_self_scale_item": false, "is_weight_item": false, "is_available_in_all_stores": true, "is_batch_item": false}
{"id": 86221, "name": "CLICK MIX SOUR", "underline": "250 GR. / HARIBO", "age_limit": null, "hazard_precaution_statements": [], "labels": [], "description": null, "info": "", "images": [{"small": "https://rema-product-images.digital.rema1000.dk/86221/1-small-bJ9Yaj1W9L.webp", "medium": "https://rema-product-images.digital.rema1000.dk/86221/1-medium-bJ9Yaj1W9L.webp", "large": "https://rema-product-images.digital.rema1000.dk/86221/1-large-bJ9Yaj1W9L.webp"}], "prices": [{"price": 25, "price_over_max_quantity": null, "max_quantity": null, "is_advertised": false, "is_campaign": true, "starting_at": "2025-08-14T00:00:00+00:00", "ending_at": "2025-09-03T00:00:00+00:00", "deposit": null, "compare_unit": "kg", "compare_unit_price": 100, "consumption_unit": null, "consumption_quantity": null}], "temperature_zone": null, "is_self_scale_item": false, "is_weight_item": false, "is_available_in_all_stores": true, "is_batch_item": false}
{"id": 86227, "name": "CHOKOLADEKNAPPER", "underline": "125 GR. / REMA 1000, MØRK", "age_limit": null, "hazard_precaution_statements": [], "labels": [{"id": 2, "name": "REMA1000", "image": "https://static-assets.digital.rema1000.dk/product/labels/2-64.webp"}], "description": null, "info": "", "images": [{"small": "https://rema-product-images.digital.rema1000.dk/86227/1-small-OW9OVMNLqg.webp", "medium": "https://rema-product-images.digital.rema1000.dk/86227/1-medium-OW9OVMNLqg.webp", "large": "https://rema-product-images.digital.rema1000.dk/86227/1-large-OW9OVMNLqg.webp"}], "prices": [{"price": 29.95, "price_over_max_quantity": null, "max_quantity": null, "is_advertised": false, "is_campaign": false, "starting_at": "2024-04-11T00:00:00+00:00", "ending_at": "2099-12-31T00:00:00+00:00", "deposit": null, "compare_unit": "kg", "compare_unit_price": 239.6, "consumption_unit": null, "consumption_quantity": null}], "temperature_zone": null, "is_self_scale_item": false, "is_weight_item": false, "is_available_in_all_stores": true, "is_batch_item": false}
{"id": 86257, "name": "SKITTLES", "underline": "38 GR. / FRUITS", "age_limit": null, "hazard_precaution_statements": [], "labels": [], "description": null, "info": "", "images": [{"small": "https://rema-product-images.digital.rema1000.dk/86257/1-small-wyPbjYEMPE.webp", "medium": "https://rema-product-images.digital.rema1000.dk/86257/1-medium-wyPbjYEMPE.webp", "large": "https://rema-product-images.digital.rema1000.dk/86257/1-large-wyPbjYEMPE.webp"}], "prices": [{"price": 11, "price_over_max_quantity": null, "max_quantity": null, "is_advertised": false, "is_campaign": false, "starting_at": "2025-08-17T00:00:00+00:00", "ending_at": "2099-12-31T00:00:00+00:00", "deposit": null, "compare_unit": "kg", "compare_unit_price": 289.47, "consumption_unit": null, "consumption_quantity": null}], "temperature_zone": null, "is_self_scale_item": false, "is_weight_item": false, "is_available_in_all_stores": true, "is_batch_item": false}
{"id": 86315, "name": "VINGUMMI VIBES", "underline": "180 GR. / MALACO", "age_limit": null, "hazard_precaution_statements": [], "labels": [], "description": null, "info": "", "images": [{"small": "https://rema-product-images.digital.rema1000.dk/86315/1-small-KpqRr4WmqL.webp", "medium": "https://rema-product-images.digital.rema1000.dk/86315/1-medium-KpqRr4WmqL.webp", "large": "https://rema-product-images.digital.rema1000.dk/86315/1-large-KpqRr4WmqL.webp"}], "prices": [{"price": 24, "price_over_max_quantity": null, "max_quantity": null, "is_advertised": false, "is_campaign": false, "starting_at": "2024-07-04T00:00:00+00:00", "ending_at": "2099-12-31T00:00:00+00:00", "deposit": null, "compare_unit": "kg", "compare_unit_price": 133.33, "consumption_unit": null, "consumption_quantity": null}], "temperature_zone": null, "is_self_scale_item": false, "is_weight_item": false, "is_available_in_all_stores": true, "is_batch_item": false}
{"id": 86386, "name": "CONDITOR PLADE", "underline": "200 GR. / CARLETTI", "age_limit": null, "hazard_precaution_statements": [], "labels": [], "description": null, "info": "", "images": [{"small": "https://rema-product-images.digital.rema1000.dk/86386/1-small-A4Py0MW79L.webp", "medium": "https://rema-product-images.digital.rema1000.dk/86386/1-medium-A4Py0MW79L.webp", "large": "https://rema-product-images.digital.rema1000.dk/86386/1-large-A4Py0MW79L.webp"}], "prices": [{"price": 29.95, "price_over_max_quantity": null, "max_quantity": null, "is_advertised": false, "is_campaign": false, "starting_at": "2025-07-10T00:00:00+00:00", "ending_at": "2099-12-31T00:00:00+00:00", "deposit": null, "compare_unit": "kg", "compare_unit_price": 149.75, "consumption_unit": null, "consumption_quantity": null}], "temperature_zone": null, "is_self_scale_item": false, "is_weight_item": false, "is_available_in_all_stores": true, "is_batch_item": false}
{"id": 86432, "name": "HOLLANDSK LAKRIDS", "underline": "200 GR. / REMA 1000, SØD & SALT", "age_limit": null, "hazard_precaution_statements": [], "labels": [{"id": 2, "name": "REMA1000", "image": "https://static-assets.digital.rema1000.dk/product/labels/2-64.webp"}], "description": null, "info": "", "images": [{"small": "https://rema-product-images.digital.rema1000.dk/86432/1-small-nDPWJpBY9W.webp", "medium": "https://rema-product-images.digital.rema1000.dk/86432/1-medium-nDPWJpBY9W.webp", "large": "https://rema-product-images.digital.rema1000.dk/86432/1-large-nDPWJpBY9W.webp"}], "prices": [{"price": 20, "price_over_max_quantity": null, "max_quantity": null, "is_advertised": false, "is_campaign": false, "starting_at": "2024-07-08T00:00:00+00:00", "ending_at": "2099-12-31T00:00:00+00:00", "deposit": null, "compare_unit": "kg", "compare_unit_price": 100, "consumption_unit": null, "consumption_quantity": null}], "temperature_zone": null, "is_self_scale_item": false, "is_weight_item": false, "is_available_in_all_stores": true, "is_batch_item": false}
{"id": 86452, "name": "MINIPLADE", "underline": "100 GR. / CARLETTI, MØRK", "age_limit": null, "hazard_precaution_statements": [], "labels": [], "description": null, "info": "", "images": [{"small": "https://rema-product-images.digital.rema1000.dk/86452/1-small-NpP7kElVPO.webp", "medium": "https://rema-product-images.digital.rema1000.dk/86452/1-medium-NpP7kElVPO.webp", "large": "https://rema-product-images.digital.rema1000.dk/86452/1-large-NpP7kElVPO.webp"}], "prices": [{"price": 24.95, "price_over_max_quantity": null, "max_quantity": null, "is_advertised": false, "is_campaign": false, "starting_at": "2025-05-08T00:00:00+00:00", "ending_at": "2099-12-31T00:00:00+00:00", "deposit": null, "compare_unit": "kg", "compare_unit_price": 249.5, "consumption_unit": null, "consumption_quantity": null}], "temperature_zone": null, "is_self_scale_item": false, "is_weight_item": false, "is_available_in_all_stores": true, "is_batch_item": false}
{"id": 86456, "name": "SKUMBANANER", "underline": "60 GR. / CARLETTI", "age_limit": null, "hazard_precaution_statements": [], "labels": [], "description": null, "info": "", "images": [{"small": "https://rema-product-images.digital.rema1000.dk/86456/1-small-18oXzynL9k.webp", "medium": "https://rema-product-images.digital.rema1000.dk/86456/1-medium-18oXzynL9k.webp", "large": "https://rema-product-images.digital.rema1000.dk/86456/1-large-18oXzynL9k.webp"}], "prices": [{"price": 10, "price_over_max_quantity": null, "max_quantity": null, "is_advertised": false, "is_campaign": true, "starting_at": "2025-08-07T00:00:00+00:00", "ending_at": "2025-09-03T00:00:00+00:00", "deposit": null, "compare_unit": "kg", "compare_unit_price": 166.67, "consumption_unit": null, "consumption_quantity": null}], "temperature_zone": null, "is_self_scale_item": false, "is_weight_item": false, "is_available_in_all_stores": true, "is_batch_item": false}
{"id": 86457, "name": "P-TÆRTER", "underline": "60 GR. / CARLETTI, ORIGINAL", "age_limit": null, "hazard_precaution_statements": [], "labels": [], "description": null, "info": "", "images": [{"small": "https://rema-product-images.digital.rema1000.dk/86457/1-small-wyPbjYXZPE.webp", "medium": "https://rema-product-images.digital.rema1000.dk/86457/1-medium-wyPbjYXZPE.webp", "large": "https://rema-product-images.digital.rema1000.dk/86457/1-large-wyPbjYXZPE.webp"}], "prices": [{"price": 10, "price_over_max_quantity": null, "max_quantity": null, "is_advertised": false, "is_campaign": true, "starting_at": "2025-08-07T00:00:00+00:00", "ending_at": "2025-09-03T00:00:00+00:00", "deposit": null, "compare_unit": "kg", "compare_unit_price": 166.67, "consumption_unit": null, "consumption_quantity": null}], "temperature_zone": null, "is_self_scale_item": false, "is_weight_item": false, "is_available_in_all_stores": true, "is_batch_item": false}
{"id": 86484, "name": "SLIK MIX", "underline": "140 GR.", "age_limit": null, "hazard_precaution_statements": [], "labels": [], "description": null, "info": "", "images": [{"small": "https://rema-product-images.digital.rema1000.dk/86484/1-small-rQqQlv7Eoe.webp", "medium": "https://rema-product-images.digital.rema1000.dk/86484/1-medium-rQqQlv7Eoe.webp", "large": "https://rema-product-images.digital.rema1000.dk/86484/1-large-rQqQlv7Eoe.webp"}], "prices": [{"price": 14.95, "price_over_max_quantity": null, "max_quantity": null, "is_advertised": false, "is_campaign": false, "starting_at": "2024-08-15T00:00:00+00:00", "ending_at": "2099-12-31T00:00:00+00:00", "deposit": null, "compare_unit": "kg", "compare_unit_price": 106.79, "consumption_unit": null, "consumption_quantity": null}], "temperature_zone": null, "is_self_scale_item": false, "is_weight_item": false, "is_available_in_all_stores": true, "is_batch_item": false}
{"id": 86485, "name": "POP MIX", "underline": "100 GR. / KATJES", "age_limit": null, "hazard_precaution_statements": [], "labels": [], "description": null, "info": "", "images": [{"small": "https://rema-product-images.digital.rema1000.dk/86485/1-small-we9EO0LAog.webp", "medium": "https://rema-product-images.digital.rema1000.dk/86485/1-medium-we9EO0LAog.webp", "large": "https://rema-product-images.digital.rema1000.dk/86485/1-large-we9EO0LAog.webp"}], "prices": [{"price": 15.95, "price_over_max_quantity": null, "max_quantity": null, "is_advertised": false, "is_campaign": false, "starting_at": "2025-02-01T00:00:00+00:00", "ending_at": "2099-12-31T00:00:00+00:00", "deposit": null, "compare_unit": "kg", "compare_unit_price": 159.5, "consumption_unit": null, "consumption_quantity": null}], "temperature_zone": null, "is_self_scale_item": false, "is_weight_item": false, "is_available_in_all_stores": true, "is_batch_item": false}
{"id": 86487, "name": "EUKALYPTUS BOLSJER", "underline": "250 GR. / REMA 1000", "age_limit": null, "hazard_precaution_statements": [], "labels": [{"id": 2, "name": "REMA1000", "image": "https://static-assets.digital.rema1000.dk/product/labels/2-64.webp"}], "description": null, "info": "", "images": [{"small": "https://rema-product-images.digital.rema1000.dk/86487/1-small-dyom8Eg3PV.webp", "medium": "https://rema-product-images.digital.rema1000.dk/86487/1-medium-dyom8Eg3PV.webp", "large": "https://rema-product-images.digital.rema1000.dk/86487/1-large-dyom8Eg3PV.webp"}], "prices": [{"price": 20, "price_over_max_quantity": null, "max_quantity": null, "is_advertised": false, "is_campaign": false, "starting_at": "2024-08-15T00:00:00+00:00", "ending_at": "2099-12-31T00:00:00+00:00", "deposit": null, "compare_unit": "kg", "compare_unit_price": 80, "consumption_unit": null, "consumption_quantity": null}], "temperature_zone": null, "is_self_scale_item": false, "is_weight_item": false, "is_available_in_all_stores": true, "is_batch_item": false}
{"id": 86498, "name": "KÆMPE SKILDPADDER", "underline": "84 GR. / TOMS", "age_limit": null, "hazard_precaution_statements": [], "labels": [], "description": null, "info": "", "images": [{"small": "https://rema-product-images.digital.rema1000.dk/86498/1-small-Al90WdQnq8.webp", "medium": "https://rema-product-images.digital.rema1000.dk/86498/1-medium-Al90WdQnq8.webp", "large": "https://rema-product-images.digital.rema1000.dk/86498/1-large-Al90WdQnq8.webp"}], "prices": [{"price": 26.95, "price_over_max_quantity": null, "max_quantity": null, "is_advertised": false, "is_campaign": false, "starting_at": "2025-02-06T00:00:00+00:00", "ending_at": "2099-12-31T00:00:00+00:00", "deposit": null, "compare_unit": "kg", "compare_unit_price": 320.83, "consumption_unit": null, "consumption_quantity": null}], "temperature_zone": null, "is_self_scale_item": false, "is_weight_item": false, "is_available_in_all_stores": true, "is_batch_item": false}
{"id": 86501, "name": "GULD KARAMELLER", "underline": "100 GR. / TOMS", "age_limit": null, "hazard_precaution_statements": [], "labels": [], "description": null, "info": "", "images": [{"small": "https://rema-product-images.digital.rema1000.dk/86501/1-small-ElPB1OlW9k.webp", "medium": "https://rema-product-images.digital.rema1000.dk/86501/1-medium-ElPB1OlW9k.webp", "large": "https://rema-product-images.digital.rema1000.dk/86501/1-large-ElPB1OlW9k.webp"}], "prices": [{"price": 22.95, "price_over_max_quantity": null, "max_quantity": null, "is_advertised": false, "is_campaign": false, "starting_at": "2024-07-04T00:00:00+00:00", "ending_at": "2099-12-31T00:00:00+00:00", "deposit": null, "compare_unit": "kg", "compare_unit_price": 229.5, "consumption_unit": null, "consumption_quantity": null}], "temperature_zone": null, "is_self_scale_item": false, "is_weight_item": false, "is_available_in_all_stores": true, "is_batch_item": false}
{"id": 86504, "name": "MALTESERS", "underline": "192.5 GR.", "age_limit": null, "hazard_precaution_statements": [], "labels": [], "description": null, "info": "", "images": [{"small": "https://rema-product-images.digital.rema1000.dk/86504/1-small-OJq52zmz9p.webp", "medium": "https://rema-product-images.digital.rema1000.dk/86504/1-medium-OJq52zmz9p.webp", "large": "https://rema-product-images.digital.rema1000.dk/86504/1-large-OJq52zmz9p.webp"}], "prices": [{"price": 46.95, "price_over_max_quantity": null, "max_quantity": null, "is_advertised": false, "is_campaign": false, "starting_at": "2025-07-03T00:00:00+00:00", "ending_at": "2099-12-31T00:00:00+00:00", "deposit": null, "compare_unit": "kg", "compare_unit_price": 243.9, "consumption_unit": null, "consumption_quantity": null}], "temperature_zone": null, "is_self_scale_item": false, "is_weight_item": false, "is_available_in_all_stores": true, "is_batch_item": false}
{"id": 86624, "name": "MØN BLANDING", "underline": "150 GR. / MØN BOLCHER", "age_limit": null, "hazard_precaution_statements": [], "labels": [], "description": null, "info": "", "images": [{"small": "https://rema-product-images.digital.rema1000.dk/86624/1-small-vXodjmzz93.webp", "medium": "https://rema-product-images.digital.rema1000.dk/86624/1-medium-vXodjmzz93.webp", "large": "https://rema-product-images.digital.rema1000.dk/86624/1-large-vXodjmzz93.webp"}], "prices": [{"price": 20, "price_over_max_quantity": null, "max_quantity": null, "is_advertised": false, "is_campaign": false, "starting_at": "2024-10-18T00:00:00+00:00", "ending_at": "2099-12-31T00:00:00+00:00", "deposit": null, "compare_unit": "kg", "compare_unit_price": 133.33, "consumption_unit": null, "consumption_quantity": null}], "temperature_zone": null, "is_self_scale_item": false, "is_weight_item": false, "is_available_in_all_stores": true, "is_batch_item": false}
{"id": 86729, "name": "YANKIE BAR", "underline": "120 GR. / TOMS", "age_limit": null, "hazard_precaution_statements": [], "labels": [], "description": null, "info": "", "images": [{"small": "https://rema-product-images.digital.rema1000.dk/86729/1-small-pYqxnbO2P1.webp", "medium": "https://rema-product-images.digital.rema1000.dk/86729/1-medium-pYqxnbO2P1.webp", "large": "https://rema-product-images.digital.rema1000.dk/86729/1-large-pYqxnbO2P1.webp"}], "prices": [{"price": 21.25, "price_over_max_quantity": null, "max_quantity": null, "is_advertised": false, "is_campaign": false, "starting_at": "2025-02-03T00:00:00+00:00", "ending_at": "2099-12-31T00:00:00+00:00", "deposit": null, "compare_unit": "kg", "compare_unit_price": 177.08, "consumption_unit": null, "consumption_quantity": null}], "temperature_zone": null, "is_self_scale_item": false, "is_weight_item": false, "is_available_in_all_stores": true, "is_batch_item": false}
{"id": 86861, "name": "REGNBUEBÆLTER", "underline": "90 GR. / REMA 1000, SURE", "age_limit": null, "hazard_precaution_statements": [], "labels": [{"id": 9001, "name": "Avisvare", "image": "https://static-assets.digital.rema1000.dk/product/labels/9001-64.webp"}, {"id": 2, "name": "REMA1000", "image": "https://static-assets.digital.rema1000.dk/product/labels/2-64.webp"}], "description": null, "info": "", "images": [{"small": "https://rema-product-images.digital.rema1000.dk/86861/1-small-Z8qplBaAq3.webp", "medium": "https://rema-product-images.digital.rema1000.dk/86861/1-medium-Z8qplBaAq3.webp", "large": "https://rema-product-images.digital.rema1000.dk/86861/1-large-Z8qplBaAq3.webp"}], "prices": [{"price": 5, "price_over_max_quantity": null, "max_quantity": null, "is_advertised": true, "is_campaign": true, "starting_at": "2025-08-17T00:00:00+00:00", "ending_at": "2025-08-23T00:00:00+00:00", "deposit": null, "compare_unit": "kg", "compare_unit_price": 55.56, "consumption_unit": null, "consumption_quantity": null}, {"price": 10, "price_over_max_quantity": null, "max_quantity": null, "is_advertised": false, "is_campaign": false, "starting_at": "2025-08-24T00:00:00+00:00", "ending_at": "2099-12-31T00:00:00+00:00", "deposit": null, "compare_unit": "kg", "compare_unit_price": 111.11, "consumption_unit": null, "consumption_quantity": null}], "temperature_zone": null, "is_self_scale_item": false, "is_weight_item": false, "is_available_in_all_stores": true, "is_batch_item": false}
{"id": 86862, "name": "VINGUMMI MIX", "underline": "100 GR. / REMA 1000", "age_limit": null, "hazard_precaution_statements": [], "labels": [{"id": 9001, "name": "Avisvare", "image": "https://static-assets.digital.rema1000.dk/product/labels/9001-64.webp"}, {"id": 2, "name": "REMA1000", "image": "https://static-assets.digital.rema1000.dk/product/labels/2-64.webp"}], "description": null, "info": "", "images": [{"small": "https://rema-product-images.digital.rema1000.dk/86862/1-small-2B943brMqk.webp", "medium": "https://rema-product-images.digital.rema1000.dk/86862/1-medium-2B943brMqk.webp", "large": "https://rema-product-images.digital.rema1000.dk/86862/1-large-2B943brMqk.webp"}], "prices": [{"price": 5, "price_over_max_quantity": null, "max_quantity": null, "is_advertised": true, "is_campaign": true, "starting_at": "2025-08-17T00:00:00+00:00", "ending_at": "2025-08-23T00:00:00+00:00", "deposit": null, "compare_unit": "kg", "compare_unit_price": 50, "consumption_unit": null, "consumption_quantity": null}, {"price": 10, "price_over_max_quantity": null, "max_quantity": null, "is_advertised": false, "is_campaign": false, "starting_at": "2025-08-24T00:00:00+00:00", "ending_at": "2099-12-31T00:00:00+00:00", "deposit": null, "compare_unit": "kg", "compare_unit_price": 100, "consumption_unit": null, "consumption_quantity": null}], "temperature_zone": null, "is_self_scale_item": false, "is_weight_item": false, "is_available_in_all_stores": true, "is_batch_item": false}
{"id": 86884, "name": "SURPRISE MIX", "underline": "475 GR. / HARIBO", "age_limit": null, "hazard_precaution_statements": [], "labels": [], "description": null, "info": "", "images": [{"small": "https://rema-product-images.digital.rema1000.dk/86884/1-small-rQqQlvk2oe.webp", "medium": "https://rema-product-images.digital.rema1000.dk/86884/1-medium-rQqQlvk2oe.webp", "large": "https://rema-product-images.digital.rema1000.dk/86884/1-large-rQqQlvk2oe.webp"}], "prices": [{"price": 50, "price_over_max_quantity": null, "max_quantity": null, "is_advertised": false, "is_campaign": false, "starting_at": "2025-03-04T00:00:00+00:00", "ending_at": "2099-12-31T00:00:00+00:00", "deposit": null, "compare_unit": "kg", "compare_unit_price": 105.26, "consumption_unit": null, "consumption_quantity": null}], "temperature_zone": null, "is_self_scale_item": false, "is_weight_item": false, "is_available_in_all_stores": true, "is_batch_item": false}
{"id": 89645, "name": "ENGELSK VINGUMMI", "underline": "250 GR. / REMA 1000", "age_limit": null, "hazard_precaution_statements": [], "labels": [{"id": 2, "name": "REMA1000", "image": "https://static-assets.digital.rema1000.dk/product/labels/2-64.webp"}], "description": null, "info": "", "images": [{"small": "https://rema-product-images.digital.rema1000.dk/89645/1-small-ElPB16n89k.webp", "medium": "https://rema-product-images.digital.rema1000.dk/89645/1-medium-ElPB16n89k.webp", "large": "https://rema-product-images.digital.rema1000.dk/89645/1-large-ElPB16n89k.webp"}], "prices": [{"price": 25, "price_over_max_quantity": null, "max_quantity": null, "is_advertised": false, "is_campaign": false, "starting_at": "2023-01-26T00:00:00+00:00", "ending_at": "2099-12-31T00:00:00+00:00", "deposit": null, "compare_unit": "kg", "compare_unit_price": 100, "consumption_unit": null, "consumption_quantity": null}], "temperature_zone": null, "is_self_scale_item": false, "is_weight_item": false, "is_available_in_all_stores": true, "is_batch_item": false}
{"id": 89646, "name": "LAKRIDSKONFEKT", "underline": "225 GR. / REMA 1000", "age_limit": null, "hazard_precaution_statements": [], "labels": [{"id": 2, "name": "REMA1000", "image": "https://static-assets.digital.rema1000.dk/product/labels/2-64.webp"}], "description": null, "info": "", "images": [{"small": "https://rema-product-images.digital.rema1000.dk/89646/1-small-kAonlMej9x.webp", "medium": "https://rema-product-images.digital.rema1000.dk/89646/1-medium-kAonlMej9x.webp", "large": "https://rema-product-images.digital.rema1000.dk/89646/1-large-kAonlMej9x.webp"}], "prices": [{"price": 25, "price_over_max_quantity": null, "max_quantity": null, "is_advertised": false, "is_campaign": false, "starting_at": "2023-01-26T00:00:00+00:00", "ending_at": "2099-12-31T00:00:00+00:00", "deposit": null, "compare_unit": "kg", "compare_unit_price": 111.11, "consumption_unit": null, "consumption_quantity": null}], "temperature_zone": null, "is_self_scale_item": false, "is_weight_item": false, "is_available_in_all_stores": true, "is_batch_item": false}
{"id": 900100, "name": "SAMARIN", "underline": "18 STK. / BRUSEPULVER", "age_limit": null, "hazard_precaution_statements": [], "labels": [], "description": "Enkeltdosisbeholdere", "info": "", "images": [{"small": "https://rema-product-images.digital.rema1000.dk/900100/1-small-xePwleOEow.webp", "medium": "https://rema-product-images.digital.rema1000.dk/900100/1-medium-xePwleOEow.webp", "large": "https://rema-product-images.digital.rema1000.dk/900100/1-large-xePwleOEow.webp"}], "prices": [{"price": 49.95, "price_over_max_quantity": null, "max_quantity": null, "is_advertised": false, "is_campaign": false, "starting_at": "2022-10-13T00:00:00+00:00", "ending_at": "2099-12-31T00:00:00+00:00", "deposit": null, "compare_unit": "stk", "compare_unit_price": 2.78, "consumption_unit": null, "consumption_quantity": null}], "temperature_zone": null, "is_self_scale_item": false, "is_weight_item": false, "is_available_in_all_stores": true, "is_batch_item": false}
{"id": 900368, "name": "MULTI GUMMIES", "underline": "45 STK. / LIVOL MED 3 SMAGE", "age_limit": null, "hazard_precaution_statements": [], "labels": [], "description": "Livol Vitamin gummies med smag af hindbær, appelsin, og blåbær. Vitamin gummies indeholder 9 vitaminer, blandt andet A, C og D-vitamin.", "info": "", "images": [{"small": "https://rema-product-images.digital.rema1000.dk/900368/1-small-vXod6WR793.webp", "medium": "https://rema-product-images.digital.rema1000.dk/900368/1-medium-vXod6WR793.webp", "large": "https://rema-product-images.digital.rema1000.dk/900368/1-large-vXod6WR793.webp"}], "prices": [{"price": 74.95, "price_over_max_quantity": null, "max_quantity": null, "is_advertised": false, "is_campaign": false, "starting_at": "2025-02-06T00:00:00+00:00", "ending_at": "2099-12-31T00:00:00+00:00", "deposit": null, "compare_unit": "stk", "compare_unit_price": 1.67, "consumption_unit": null, "consumption_quantity": null}], "temperature_zone": null, "is_self_scale_item": false, "is_weight_item": false, "is_available_in_all_stores": true, "is_batch_item": false}
{"id": 90066, "name": "CHOKOLADE SAUCE", "underline": "175 GR. / ODENSE", "age_limit": null, "hazard_precaution_statements": [], "labels": [], "description": null, "info": "", "images": [{"small": "https://rema-product-images.digital.rema1000.dk/90066/1-small-pyozdpA19X.webp", "medium": "https://rema-product-images.digital.rema1000.dk/90066/1-medium-pyozdpA19X.webp", "large": "https://rema-product-images.digital.rema1000.dk/90066/1-large-pyozdpA19X.webp"}], "prices": [{"price": 32.95, "price_over_max_quantity": null, "max_quantity": null, "is_advertised": false, "is_campaign": false, "starting_at": "2025-02-01T00:00:00+00:00", "ending_at": "2099-12-31T00:00:00+00:00", "deposit": null, "compare_unit": "kg", "compare_unit_price": 188.29, "consumption_unit": null, "consumption_quantity": null}], "temperature_zone": null, "is_self_scale_item": false, "is_weight_item": false, "is_available_in_all_stores": true, "is_batch_item": false}
{"id": 90110, "name": "STØDT KANEL", "underline": "40 GR. / REMA 1000", "age_limit": null, "hazard_precaution_statements": [], "labels": [{"id": 2, "name": "REMA1000", "image": "https://static-assets.digital.rema1000.dk/product/labels/2-64.webp"}, {"id": 5, "name": "Økologi", "image": "https://static-assets.digital.rema1000.dk/product/labels/5-64.webp"}], "description": null, "info": "", "images": [{"small": "https://rema-product-images.digital.rema1000.dk/90110/1-small-Al90W3Akq8.webp", "medium": "https://rema-product-images.digital.rema1000.dk/90110/1-medium-Al90W3Akq8.webp", "large": "https://rema-product-images.digital.rema1000.dk/90110/1-large-Al90W3Akq8.webp"}], "prices": [{"price": 9.95, "price_over_max_quantity": null, "max_quantity": null, "is_advertised": false, "is_campaign": false, "starting_at": "2023-11-02T00:00:00+00:00", "ending_at": "2099-12-31T00:00:00+00:00", "deposit": null, "compare_unit": "kg", "compare_unit_price": 248.75, "consumption_unit": null, "consumption_quantity": null}], "temperature_zone": null, "is_self_scale_item": false, "is_weight_item": false, "is_available_in_all_stores": true, "is_batch_item": false}
{"id": 90111, "name": "ROSMARIN", "underline": "20 GR. / REMA 1000", "age_limit": null, "hazard_precaution_statements": [], "labels": [{"id": 2, "name": "REMA1000", "image": "https://static-assets.digital.rema1000.dk/product/labels/2-64.webp"}, {"id": 5, "name": "Økologi", "image": "https://static-assets.digital.rema1000.dk/product/labels/5-64.webp"}], "description": null, "info": "", "images": [{"small": "https://rema-product-images.digital.rema1000.dk/90111/1-small-A5qVz61wqa.webp", "medium": "https://rema-product-images.digital.rema1000.dk/90111/1-medium-A5qVz61wqa.webp", "large": "https://rema-product-images.digital.rema1000.dk/90111/1-large-A5qVz61wqa.webp"}], "prices": [{"price": 15, "price_over_max_quantity": null, "max_quantity": null, "is_advertised": false, "is_campaign": false, "starting_at": "2020-06-19T00:00:00+00:00", "ending_at": "2099-12-31T00:00:00+00:00", "deposit": null, "compare_unit": "kg", "compare_unit_price": 750, "consumption_unit": null, "consumption_quantity": null}], "temperature_zone": null, "is_self_scale_item": false, "is_weight_item": false, "is_available_in_all_stores": true, "is_batch_item": false}
{"id": 90112, "name": "CAYENNEPEBER", "underline": "40 GR. / REMA 1000", "age_limit": null, "hazard_precaution_statements": [], "labels": [{"id": 2, "name": "REMA1000", "image": "https://static-assets.digital.rema1000.dk/product/labels/2-64.webp"}, {"id": 5, "name": "Økologi", "image": "https://static-assets.digital.rema1000.dk/product/labels/5-64.webp"}], "description": null, "info": "", "images": [{"small": "https://rema-product-images.digital.rema1000.dk/90112/1-small-18oXzwEy9k.webp", "medium": "https://rema-product-images.digital.rema1000.dk/90112/1-medium-18oXzwEy9k.webp", "large": "https://rema-product-images.digital.rema1000.dk/90112/1-large-18oXzwEy9k.webp"}], "prices": [{"price": 15.95, "price_over_max_quantity": null, "max_quantity": null, "is_advertised": false, "is_campaign": false, "starting_at": "2025-06-19T00:00:00+00:00", "ending_at": "2099-12-31T00:00:00+00:00", "deposit": null, "compare_unit": "kg", "compare_unit_price": 398.75, "consumption_unit": null, "consumption_quantity": null}], "temperature_zone": null, "is_self_scale_item": false, "is_weight_item": false, "is_available_in_all_stores": true, "is_batch_item": false}
{"id": 90113, "name": "GRANULERET HVIDLØG", "underline": "55 GR. / REMA 1000", "age_limit": null, "hazard_precaution_statements": [], "labels": [{"id": 2, "name": "REMA1000", "image": "https://static-assets.digital.rema1000.dk/product/labels/2-64.webp"}, {"id": 5, "name": "Økologi", "image": "https://static-assets.digital.rema1000.dk/product/labels/5-64.webp"}], "description": null, "info": "", "images": [{"small": "https://rema-product-images.digital.rema1000.dk/90113/1-small-wyPbj0EjPE.webp", "medium": "https://rema-product-images.digital.rema1000.dk/90113/1-medium-wyPbj0EjPE.webp", "large": "https://rema-product-images.digital.rema1000.dk/90113/1-large-wyPbj0EjPE.webp"}], "prices": [{"price": 13.75, "price_over_max_quantity": null, "max_quantity": null, "is_advertised": false, "is_campaign": false, "starting_at": "2025-06-19T00:00:00+00:00", "ending_at": "2099-12-31T00:00:00+00:00", "deposit": null, "compare_unit": "kg", "compare_unit_price": 250, "consumption_unit": null, "consumption_quantity": null}], "temperature_zone": null, "is_self_scale_item": false, "is_weight_item": false, "is_available_in_all_stores": true, "is_batch_item": false}
{"id": 90119, "name": "SUKKER", "underline": "1 KG. / REMA 1000", "age_limit": null, "hazard_precaution_statements": [], "labels": [{"id": 2, "name": "REMA1000", "image": "https://static-assets.digital.rema1000.dk/product/labels/2-64.webp"}], "description": null, "info": "", "images": [{"small": "https://rema-product-images.digital.rema1000.dk/90119/1-small-rDq6DKMjPb.webp", "medium": "https://rema-product-images.digital.rema1000.dk/90119/1-medium-rDq6DKMjPb.webp", "large": "https://rema-product-images.digital.rema1000.dk/90119/1-large-rDq6DKMjPb.webp"}], "prices": [{"price": 9.95, "price_over_max_quantity": null, "max_quantity": null, "is_advertised": false, "is_campaign": false, "starting_at": "2025-01-09T00:00:00+00:00", "ending_at": "2099-12-31T00:00:00+00:00", "deposit": null, "compare_unit": "kg", "compare_unit_price": 9.95, "consumption_unit": null, "consumption_quantity": null}], "temperature_zone": null, "is_self_scale_item": false, "is_weight_item": false, "is_available_in_all_stores": true, "is_batch_item": false}
{"id": 90124, "name": "STØDT KARDEMOMME", "underline": "30 GR. / REMA 1000", "age_limit": null, "hazard_precaution_statements": [], "labels": [{"id": 2, "name": "REMA1000", "image": "https://static-assets.digital.rema1000.dk/product/labels/2-64.webp"}, {"id": 5, "name": "Økologi", "image": "https://static-assets.digital.rema1000.dk/product/labels/5-64.webp"}], "description": null, "info": "", "images": [{"small": "https://rema-product-images.digital.rema1000.dk/90124/1-small-vXodjRBZ93.webp", "medium": "https://rema-product-images.digital.rema1000.dk/90124/1-medium-vXodjRBZ93.webp", "large": "https://rema-product-images.digital.rema1000.dk/90124/1-large-vXodjRBZ93.webp"}], "prices": [{"price": 17, "price_over_max_quantity": null, "max_quantity": null, "is_advertised": false, "is_campaign": false, "starting_at": "2023-11-02T00:00:00+00:00", "ending_at": "2099-12-31T00:00:00+00:00", "deposit": null, "compare_unit": "kg", "compare_unit_price": 566.67, "consumption_unit": null, "consumption_quantity": null}], "temperature_zone": null, "is_self_scale_item": false, "is_weight_item": false, "is_available_in_all_stores": true, "is_batch_item": false}
{"id": 90126, "name": "STØDT GURKEMEJE", "underline": "40 GR. / REMA 1000", "age_limit": null, "hazard_precaution_statements": [], "labels": [{"id": 2, "name": "REMA1000", "image": "https://static-assets.digital.rema1000.dk/product/labels/2-64.webp"}, {"id": 5, "name": "Økologi", "image": "https://static-assets.digital.rema1000.dk/product/labels/5-64.webp"}], "description": null, "info": "", "images": [{"small": "https://rema-product-images.digital.rema1000.dk/90126/1-small-kOq3b3wko6.webp", "medium": "https://rema-product-images.digital.rema1000.dk/90126/1-medium-kOq3b3wko6.webp", "large": "https://rema-product-images.digital.rema1000.dk/90126/1-large-kOq3b3wko6.webp"}], "prices": [{"price": 8.95, "price_over_max_quantity": null, "max_quantity": null, "is_advertised": false, "is_campaign": false, "starting_at": "2023-11-02T00:00:00+00:00", "ending_at": "2099-12-31T00:00:00+00:00", "deposit": null, "compare_unit": "kg", "compare_unit_price": 223.75, "consumption_unit": null, "consumption_quantity": null}], "temperature_zone": null, "is_self_scale_item": false, "is_weight_item": false, "is_available_in_all_stores": true, "is_batch_item": false}
{"id": 90127, "name": "STØDT KORIANDER", "underline": "35 GR. / REMA1000", "age_limit": null, "hazard_precaution_statements": [], "labels": [{"id": 2, "name": "REMA1000", "image": "https://static-assets.digital.rema1000.dk/product/labels/2-64.webp"}, {"id": 5, "name": "Økologi", "image": "https://static-assets.digital.rema1000.dk/product/labels/5-64.webp"}], "description": null, "info": "", "images": [{"small": "https://rema-product-images.digital.rema1000.dk/90127/1-small-OW9OVzE4qg.webp", "medium": "https://rema-product-images.digital.rema1000.dk/90127/1-medium-OW9OVzE4qg.webp", "large": "https://rema-product-images.digital.rema1000.dk/90127/1-large-OW9OVzE4qg.webp"}], "prices": [{"price": 13.95, "price_over_max_quantity": null, "max_quantity": null, "is_advertised": false, "is_campaign": false, "starting_at": "2023-11-02T00:00:00+00:00", "ending_at": "2099-12-31T00:00:00+00:00", "deposit": null, "compare_unit": "kg", "compare_unit_price": 398.57, "consumption_unit": null, "consumption_quantity": null}], "temperature_zone": null, "is_self_scale_item": false, "is_weight_item": false, "is_available_in_all_stores": true, "is_batch_item": false}
{"id": 90129, "name": "HVEDEMEL", "underline": "2 KG. / GLUTEN", "age_limit": null, "hazard_precaution_statements": [], "labels": [], "description": null, "info": "", "images": [{"small": "https://rema-product-images.digital.rema1000.dk/90129/1-small-pYqxn3YyP1.webp", "medium": "https://rema-product-images.digital.rema1000.dk/90129/1-medium-pYqxn3YyP1.webp", "large": "https://rema-product-images.digital.rema1000.dk/90129/1-large-pYqxn3YyP1.webp"}], "prices": [{"price": 23.95, "price_over_max_quantity": null, "max_quantity": null, "is_advertised": false, "is_campaign": false, "starting_at": "2023-06-15T00:00:00+00:00", "ending_at": "2099-12-31T00:00:00+00:00", "deposit": null, "compare_unit": "kg", "compare_unit_price": 11.98, "consumption_unit": null, "consumption_quantity": null}], "temperature_zone": null, "is_self_scale_item": false, "is_weight_item": false, "is_available_in_all_stores": true, "is_batch_item": false}
{"id": 90137, "name": "HELE PEBERKORN", "underline": "45 GR. / REMA 1000", "age_limit": null, "hazard_precaution_statements": [], "labels": [{"id": 2, "name": "REMA1000", "image": "https://static-assets.digital.rema1000.dk/product/labels/2-64.webp"}, {"id": 5, "name": "Økologi", "image": "https://static-assets.digital.rema1000.dk/product/labels/5-64.webp"}], "description": null, "info": "", "images": [{"small": "https://rema-product-images.digital.rema1000.dk/90137/1-small-JzPJnvZYPk.webp", "medium": "https://rema-product-images.digital.rema1000.dk/90137/1-medium-JzPJnvZYPk.webp", "large": "https://rema-product-images.digital.rema1000.dk/90137/1-large-JzPJnvZYPk.webp"}], "prices": [{"price": 13.45, "price_over_max_quantity": null, "max_quantity": null, "is_advertised": false, "is_campaign": false, "starting_at": "2025-06-19T00:00:00+00:00", "ending_at": "2099-12-31T00:00:00+00:00", "deposit": null, "compare_unit": "kg", "compare_unit_price": 298.89, "consumption_unit": null, "consumption_quantity": null}], "temperature_zone": null, "is_self_scale_item": false, "is_weight_item": false, "is_available_in_all_stores": true, "is_batch_item": false}
{"id": 90138, "name": "SØD PAPRIKA", "underline": "45 GR. / REMA 1000", "age_limit": null, "hazard_precaution_statements": [], "labels": [{"id": 2, "name": "REMA1000", "image": "https://static-assets.digital.rema1000.dk/product/labels/2-64.webp"}, {"id": 5, "name": "Økologi", "image": "https://static-assets.digital.rema1000.dk/product/labels/5-64.webp"}], "description": null, "info": "", "images": [{"small": "https://rema-product-images.digital.rema1000.dk/90138/1-small-MBoNnpE5ov.webp", "medium": "https://rema-product-images.digital.rema1000.dk/90138/1-medium-MBoNnpE5ov.webp", "large": "https://rema-product-images.digital.rema1000.dk/90138/1-large-MBoNnpE5ov.webp"}], "prices": [{"price": 8.95, "price_over_max_quantity": null, "max_quantity": null, "is_advertised": false, "is_campaign": false, "starting_at": "2023-11-02T00:00:00+00:00", "ending_at": "2099-12-31T00:00:00+00:00", "deposit": null, "compare_unit": "kg", "compare_unit_price": 198.89, "consumption_unit": null, "consumption_quantity": null}], "temperature_zone": null, "is_self_scale_item": false, "is_weight_item": false, "is_available_in_all_stores": true, "is_batch_item": false}
{"id": 90139, "name": "KARRY", "underline": "35 GR. / REMA 1000", "age_limit": null, "hazard_precaution_statements": [], "labels": [{"id": 2, "name": "REMA1000", "image": "https://static-assets.digital.rema1000.dk/product/labels/2-64.webp"}, {"id": 5, "name": "Økologi", "image": "https://static-assets.digital.rema1000.dk/product/labels/5-64.webp"}], "description": null, "info": "", "images": [{"small": "https://rema-product-images.digital.rema1000.dk/90139/1-small-zOPlGlK19R.webp", "medium": "https://rema-product-images.digital.rema1000.dk/90139/1-medium-zOPlGlK19R.webp", "large": "https://rema-product-images.digital.rema1000.dk/90139/1-large-zOPlGlK19R.webp"}], "prices": [{"price": 10.45, "price_over_max_quantity": null, "max_quantity": null, "is_advertised": false, "is_campaign": false, "starting_at": "2025-06-19T00:00:00+00:00", "ending_at": "2099-12-31T00:00:00+00:00", "deposit": null, "compare_unit": "kg", "compare_unit_price": 298.57, "consumption_unit": null, "consumption_quantity": null}], "temperature_zone": null, "is_self_scale_item": false, "is_weight_item": false, "is_available_in_all_stores": true, "is_batch_item": false}
{"id": 90140, "name": "OREGANO", "underline": "10 GR. / REMA 1000", "age_limit": null, "hazard_precaution_statements": [], "labels": [{"id": 2, "name": "REMA1000", "image": "https://static-assets.digital.rema1000.dk/product/labels/2-64.webp"}, {"id": 5, "name": "Økologi", "image": "https://static-assets.digital.rema1000.dk/product/labels/5-64.webp"}], "description": null, "info": "", "images": [{"small": "https://rema-product-images.digital.rema1000.dk/90140/1-small-rQqQlpE2oe.webp", "medium": "https://rema-product-images.digital.rema1000.dk/90140/1-medium-rQqQlpE2oe.webp", "large": "https://rema-product-images.digital.rema1000.dk/90140/1-large-rQqQlpE2oe.webp"}], "prices": [{"price": 5.83, "price_over_max_quantity": null, "max_quantity": null, "is_advertised": false, "is_campaign": false, "starting_at": "2023-11-30T00:00:00+00:00", "ending_at": "2099-12-31T00:00:00+00:00", "deposit": null, "compare_unit": "kg", "compare_unit_price": 583, "consumption_unit": null, "consumption_quantity": null}], "temperature_zone": null, "is_self_scale_item": false, "is_weight_item": false, "is_available_in_all_stores": true, "is_batch_item": false}
{"id": 90141, "name": "STØDT INGEFÆR", "underline": "40 GR. / REMA 1000", "age_limit": null, "hazard_precaution_statements": [], "labels": [{"id": 2, "name": "REMA1000", "image": "https://static-assets.digital.rema1000.dk/product/labels/2-64.webp"}, {"id": 5, "name": "Økologi", "image": "https://static-assets.digital.rema1000.dk/product/labels/5-64.webp"}], "description": null, "info": "", "images": [{"small": "https://rema-product-images.digital.rema1000.dk/90141/1-small-we9EO34Log.webp", "medium": "https://rema-product-images.digital.rema1000.dk/90141/1-medium-we9EO34Log.webp", "large": "https://rema-product-images.digital.rema1000.dk/90141/1-large-we9EO34Log.webp"}], "prices": [{"price": 11.35, "price_over_max_quantity": null, "max_quantity": null, "is_advertised": false, "is_campaign": false, "starting_at": "2023-11-02T00:00:00+00:00", "ending_at": "2099-12-31T00:00:00+00:00", "deposit": null, "compare_unit": "kg", "compare_unit_price": 283.75, "consumption_unit": null, "consumption_quantity": null}], "temperature_zone": null, "is_self_scale_item": false, "is_weight_item": false, "is_available_in_all_stores": true, "is_batch_item": false}
{"id": 90142, "name": "BUDDINGPULVER", "underline": "111 GR. / REMA 1000", "age_limit": null, "hazard_precaution_statements": [], "labels": [{"id": 2, "name": "REMA1000", "image": "https://static-assets.digital.rema1000.dk/product/labels/2-64.webp"}], "description": null, "info": "", "images": [{"small": "https://rema-product-images.digital.rema1000.dk/90142/1-small-A4Py0lzk9L.webp", "medium": "https://rema-product-images.digital.rema1000.dk/90142/1-medium-A4Py0lzk9L.webp", "large": "https://rema-product-images.digital.rema1000.dk/90142/1-large-A4Py0lzk9L.webp"}], "prices": [{"price": 7.95, "price_over_max_quantity": null, "max_quantity": null, "is_advertised": false, "is_campaign": false, "starting_at": "2020-07-07T00:00:00+00:00", "ending_at": "2099-12-31T00:00:00+00:00", "deposit": null, "compare_unit": "kg", "compare_unit_price": 71.62, "consumption_unit": null, "consumption_quantity": null}], "temperature_zone": null, "is_self_scale_item": false, "is_weight_item": false, "is_available_in_all_stores": true, "is_batch_item": false}
{"id": 90153, "name": "MAJSPASTA FUSILLI", "underline": "500 GR.", "age_limit": null, "hazard_precaution_statements": [], "labels": [{"id": 38, "name": "Gluten fri", "image": "https://static-assets.digital.rema1000.dk/product/labels/38-64.webp"}], "description": null, "info": "", "images": [{"small": "https://rema-product-images.digital.rema1000.dk/90153/1-small-aboK8MEwqp.webp", "medium": "https://rema-product-images.digital.rema1000.dk/90153/1-medium-aboK8MEwqp.webp", "large": "https://rema-product-images.digital.rema1000.dk/90153/1-large-aboK8MEwqp.webp"}], "prices": [{"price": 12.95, "price_over_max_quantity": null, "max_quantity": null, "is_advertised": false, "is_campaign": false, "starting_at": "2025-06-26T00:00:00+00:00", "ending_at": "2099-12-31T00:00:00+00:00", "deposit": null, "compare_unit": "kg", "compare_unit_price": 25.9, "consumption_unit": null, "consumption_quantity": null}], "temperature_zone": null, "is_self_scale_item": false, "is_weight_item": false, "is_available_in_all_stores": false, "is_batch_item": false}
{"id": 90174, "name": "GUF TIL IS JORDBÆR", "underline": "150 GR. / DR.OETKER", "age_limit": null, "hazard_precaution_statements": [], "labels": [], "description": null, "info": "", "images": [{"small": "https://rema-product-images.digital.rema1000.dk/90174/1-small-869D76RMqM.webp", "medium": "https://rema-product-images.digital.rema1000.dk/90174/1-medium-869D76RMqM.webp", "large": "https://rema-product-images.digital.rema1000.dk/90174/1-large-869D76RMqM.webp"}], "prices": [{"price": 12, "price_over_max_quantity": null, "max_quantity": null, "is_advertised": false, "is_campaign": false, "starting_at": "2022-10-06T00:00:00+00:00", "ending_at": "2099-12-31T00:00:00+00:00", "deposit": null, "compare_unit": "kg", "compare_unit_price": 80, "consumption_unit": null, "consumption_quantity": null}], "temperature_zone": null, "is_self_scale_item": false, "is_weight_item": false, "is_available_in_all_stores": true, "is_batch_item": false}
{"id": 90228, "name": "VANILJESUKKER", "underline": "110 GR. / REMA 1000", "age_limit": null, "hazard_precaution_statements": [], "labels": [{"id": 2, "name": "REMA1000", "image": "https://static-assets.digital.rema1000.dk/product/labels/2-64.webp"}], "description": null, "info": "", "images": [{"small": "https://rema-product-images.digital.rema1000.dk/90228/1-small-xyqaj4ZV9D.webp", "medium": "https://rema-product-images.digital.rema1000.dk/90228/1-medium-xyqaj4ZV9D.webp", "large": "https://rema-product-images.digital.rema1000.dk/90228/1-large-xyqaj4ZV9D.webp"}], "prices": [{"price": 9.5, "price_over_max_quantity": null, "max_quantity": null, "is_advertised": false, "is_campaign": false, "starting_at": "2023-12-14T00:00:00+00:00", "ending_at": "2099-12-31T00:00:00+00:00", "deposit": null, "compare_unit": "kg", "compare_unit_price": 86.36, "consumption_unit": null, "consumption_quantity": null}], "temperature_zone": null, "is_self_scale_item": false, "is_weight_item": false, "is_available_in_all_stores": true, "is_batch_item": false}
{"id": 90248, "name": "SESAMFRØ", "underline": "150 GR. / REMA 1000", "age_limit": null, "hazard_precaution_statements": [], "labels": [{"id": 2, "name": "REMA1000", "image": "https://static-assets.digital.rema1000.dk/product/labels/2-64.webp"}], "description": null, "info": "", "images": [{"small": "https://rema-product-images.digital.rema1000.dk/90248/1-small-OJq52adv9p.webp", "medium": "https://rema-product-images.digital.rema1000.dk/90248/1-medium-OJq52adv9p.webp", "large": "https://rema-product-images.digital.rema1000.dk/90248/1-large-OJq52adv9p.webp"}], "prices": [{"price": 12.95, "price_over_max_quantity": null, "max_quantity": null, "is_advertised": false, "is_campaign": false, "starting_at": "2022-08-04T00:00:00+00:00", "ending_at": "2099-12-31T00:00:00+00:00", "deposit": null, "compare_unit": "kg", "compare_unit_price": 86.33, "consumption_unit": null, "consumption_quantity": null}], "temperature_zone": null, "is_self_scale_item": false, "is_weight_item": false, "is_available_in_all_stores": true, "is_batch_item": false}
{"id": 90259, "name": "LYS JÆVNER", "underline": "250 GR. / REMA 1000", "age_limit": null, "hazard_precaution_statements": [], "labels": [{"id": 2, "name": "REMA1000", "image": "https://static-assets.digital.rema1000.dk/product/labels/2-64.webp"}], "description": null, "info": "", "images": [{"small": "https://rema-product-images.digital.rema1000.dk/90259/1-small-KpqRrj3NqL.webp", "medium": "https://rema-product-images.digital.rema1000.dk/90259/1-medium-KpqRrj3NqL.webp", "large": "https://rema-product-images.digital.rema1000.dk/90259/1-large-KpqRrj3NqL.webp"}], "prices": [{"price": 10.95, "price_over_max_quantity": null, "max_quantity": null, "is_advertised": false, "is_campaign": false, "starting_at": "2023-11-30T00:00:00+00:00", "ending_at": "2099-12-31T00:00:00+00:00", "deposit": null, "compare_unit": "kg", "compare_unit_price": 43.8, "consumption_unit": null, "consumption_quantity": null}], "temperature_zone": null, "is_self_scale_item": false, "is_weight_item": false, "is_available_in_all_stores": true, "is_batch_item": false}
{"id": 90262, "name": "KARTOFFELMOS", "underline": "500 GR. / REMA 1000", "age_limit": null, "hazard_precaution_statements": [], "labels": [{"id": 2, "name": "REMA1000", "image": "https://static-assets.digital.rema1000.dk/product/labels/2-64.webp"}], "description": null, "info": "", "images": [{"small": "https://rema-product-images.digital.rema1000.dk/90262/1-small-2B943YZ8qk.webp", "medium": "https://rema-product-images.digital.rema1000.dk/90262/1-medium-2B943YZ8qk.webp", "large": "https://rema-product-images.digital.rema1000.dk/90262/1-large-2B943YZ8qk.webp"}], "prices": [{"price": 17.95, "price_over_max_quantity": null, "max_quantity": null, "is_advertised": false, "is_campaign": false, "starting_at": "2025-02-13T00:00:00+00:00", "ending_at": "2099-12-31T00:00:00+00:00", "deposit": null, "compare_unit": "kg", "compare_unit_price": 35.9, "consumption_unit": null, "consumption_quantity": null}], "temperature_zone": null, "is_self_scale_item": false, "is_weight_item": false, "is_available_in_all_stores": true, "is_batch_item": false}
{"id": 90269, "name": "SOLSIKKEKERNER", "underline": "400 GR. / REMA 1000", "age_limit": null, "hazard_precaution_statements": [], "labels": [{"id": 2, "name": "REMA1000", "image": "https://static-assets.digital.rema1000.dk/product/labels/2-64.webp"}], "description": null, "info": "", "images": [{"small": "https://rema-product-images.digital.rema1000.dk/90269/1-small-Ea91ZkeYPz.webp", "medium": "https://rema-product-images.digital.rema1000.dk/90269/1-medium-Ea91ZkeYPz.webp", "large": "https://rema-product-images.digital.rema1000.dk/90269/1-large-Ea91ZkeYPz.webp"}], "prices": [{"price": 11.5, "price_over_max_quantity": null, "max_quantity": null, "is_advertised": false, "is_campaign": false, "starting_at": "2023-10-19T00:00:00+00:00", "ending_at": "2099-12-31T00:00:00+00:00", "deposit": null, "compare_unit": "kg", "compare_unit_price": 28.75, "consumption_unit": null, "consumption_quantity": null}], "temperature_zone": null, "is_self_scale_item": false, "is_weight_item": false, "is_available_in_all_stores": true, "is_batch_item": false}
{"id": 90270, "name": "HØRFRØ", "underline": "400 GR. / REMA 1000", "age_limit": null, "hazard_precaution_statements": [], "labels": [{"id": 2, "name": "REMA1000", "image": "https://static-assets.digital.rema1000.dk/product/labels/2-64.webp"}], "description": null, "info": "", "images": [{"small": "https://rema-product-images.digital.rema1000.dk/90270/1-small-kOq3b3zJo6.webp", "medium": "https://rema-product-images.digital.rema1000.dk/90270/1-medium-kOq3b3zJo6.webp", "large": "https://rema-product-images.digital.rema1000.dk/90270/1-large-kOq3b3zJo6.webp"}], "prices": [{"price": 11.5, "price_over_max_quantity": null, "max_quantity": null, "is_advertised": false, "is_campaign": false, "starting_at": "2023-10-19T00:00:00+00:00", "ending_at": "2099-12-31T00:00:00+00:00", "deposit": null, "compare_unit": "kg", "compare_unit_price": 28.75, "consumption_unit": null, "consumption_quantity": null}], "temperature_zone": null, "is_self_scale_item": false, "is_weight_item": false, "is_available_in_all_stores": true, "is_batch_item": false}
{"id": 90273, "name": "5-KORNSBLANDING", "underline": "350 GR. / REMA 1000", "age_limit": null, "hazard_precaution_statements": [], "labels": [{"id": 2, "name": "REMA1000", "image": "https://static-assets.digital.rema1000.dk/product/labels/2-64.webp"}, {"id": 5, "name": "Økologi", "image": "https://static-assets.digital.rema1000.dk/product/labels/5-64.webp"}, {"id": 6, "name": "Økologi", "image": "https://static-assets.digital.rema1000.dk/product/labels/6-64.webp"}], "description": null, "info": "", "images": [{"small": "https://rema-product-images.digital.rema1000.dk/90273/1-small-pYqxn3W4P1.webp", "medium": "https://rema-product-images.digital.rema1000.dk/90273/1-medium-pYqxn3W4P1.webp", "large": "https://rema-product-images.digital.rema1000.dk/90273/1-large-pYqxn3W4P1.webp"}], "prices": [{"price": 12.95, "price_over_max_quantity": null, "max_quantity": null, "is_advertised": false, "is_campaign": false, "starting_at": "2022-07-07T00:00:00+00:00", "ending_at": "2099-12-31T00:00:00+00:00", "deposit": null, "compare_unit": "kg", "compare_unit_price": 37, "consumption_unit": null, "consumption_quantity": null}], "temperature_zone": null, "is_self_scale_item": false, "is_weight_item": false, "is_available_in_all_stores": true, "is_batch_item": false}
{"id": 90288, "name": "MØRK JÆVNER", "underline": "250 GR. / REMA 1000", "age_limit": null, "hazard_precaution_statements": [], "labels": [{"id": 2, "name": "REMA1000", "image": "https://static-assets.digital.rema1000.dk/product/labels/2-64.webp"}], "description": null, "info": "", "images": [{"small": "https://rema-product-images.digital.rema1000.dk/90288/1-small-xePwyB87qw.webp", "medium": "https://rema-product-images.digital.rema1000.dk/90288/1-medium-xePwyB87qw.webp", "large": "https://rema-product-images.digital.rema1000.dk/90288/1-large-xePwyB87qw.webp"}], "prices": [{"price": 10.95, "price_over_max_quantity": null, "max_quantity": null, "is_advertised": false, "is_campaign": false, "starting_at": "2023-11-30T00:00:00+00:00", "ending_at": "2099-12-31T00:00:00+00:00", "deposit": null, "compare_unit": "kg", "compare_unit_price": 43.8, "consumption_unit": null, "consumption_quantity": null}], "temperature_zone": null, "is_self_scale_item": false, "is_weight_item": false, "is_available_in_all_stores": true, "is_batch_item": false}
{"id": 90290, "name": "MAJSSTIVELSE", "underline": "400 GR. / REMA 1000", "age_limit": null, "hazard_precaution_statements": [], "labels": [{"id": 2, "name": "REMA1000", "image": "https://static-assets.digital.rema1000.dk/product/labels/2-64.webp"}], "description": null, "info": "", "images": [{"small": "https://rema-product-images.digital.rema1000.dk/90290/1-small-kAonlMdM9x.webp", "medium": "https://rema-product-images.digital.rema1000.dk/90290/1-medium-kAonlMdM9x.webp", "large": "https://rema-product-images.digital.rema1000.dk/90290/1-large-kAonlMdM9x.webp"}], "prices": [{"price": 12.95, "price_over_max_quantity": null, "max_quantity": null, "is_advertised": false, "is_campaign": false, "starting_at": "2023-06-22T00:00:00+00:00", "ending_at": "2099-12-31T00:00:00+00:00", "deposit": null, "compare_unit": "kg", "compare_unit_price": 32.38, "consumption_unit": null, "consumption_quantity": null}], "temperature_zone": null, "is_self_scale_item": false, "is_weight_item": false, "is_available_in_all_stores": true, "is_batch_item": false}
{"id": 90293, "name": "MILD PAPRIKA", "underline": "100 GR. / REMA 1000", "age_limit": null, "hazard_precaution_statements": [], "labels": [{"id": 2, "name": "REMA1000", "image": "https://static-assets.digital.rema1000.dk/product/labels/2-64.webp"}], "description": null, "info": "", "images": [{"small": "https://rema-product-images.digital.rema1000.dk/90293/1-small-xQq8gYlaoZ.webp", "medium": "https://rema-product-images.digital.rema1000.dk/90293/1-medium-xQq8gYlaoZ.webp", "large": "https://rema-product-images.digital.rema1000.dk/90293/1-large-xQq8gYlaoZ.webp"}], "prices": [{"price": 5.95, "price_over_max_quantity": null, "max_quantity": null, "is_advertised": false, "is_campaign": false, "starting_at": "2022-10-06T00:00:00+00:00", "ending_at": "2099-12-31T00:00:00+00:00", "deposit": null, "compare_unit": "kg", "compare_unit_price": 59.5, "consumption_unit": null, "consumption_quantity": null}], "temperature_zone": null, "is_self_scale_item": false, "is_weight_item": false, "is_available_in_all_stores": true, "is_batch_item": false}
{"id": 90295, "name": "RØRSUKKER", "underline": "1 KG. / REMA 1000", "age_limit": null, "hazard_precaution_statements": [], "labels": [{"id": 2, "name": "REMA1000", "image": "https://static-assets.digital.rema1000.dk/product/labels/2-64.webp"}, {"id": 5, "name": "Økologi", "image": "https://static-assets.digital.rema1000.dk/product/labels/5-64.webp"}], "description": null, "info": "", "images": [{"small": "https://rema-product-images.digital.rema1000.dk/90295/1-small-v09gyQpzoA.webp", "medium": "https://rema-product-images.digital.rema1000.dk/90295/1-medium-v09gyQpzoA.webp", "large": "https://rema-product-images.digital.rema1000.dk/90295/1-large-v09gyQpzoA.webp"}], "prices": [{"price": 21.95, "price_over_max_quantity": null, "max_quantity": null, "is_advertised": false, "is_campaign": false, "starting_at": "2023-11-02T00:00:00+00:00", "ending_at": "2099-12-31T00:00:00+00:00", "deposit": null, "compare_unit": "kg", "compare_unit_price": 21.95, "consumption_unit": null, "consumption_quantity": null}], "temperature_zone": null, "is_self_scale_item": false, "is_weight_item": false, "is_available_in_all_stores": true, "is_batch_item": false}
{"id": 90312, "name": "PASTA SKRUER", "underline": "500 GR. / REMA 1000", "age_limit": null, "hazard_precaution_statements": [], "labels": [{"id": 2, "name": "REMA1000", "image": "https://static-assets.digital.rema1000.dk/product/labels/2-64.webp"}], "description": null, "info": "", "images": [{"small": "https://rema-product-images.digital.rema1000.dk/90312/1-small-18oXzwnE9k.webp", "medium": "https://rema-product-images.digital.rema1000.dk/90312/1-medium-18oXzwnE9k.webp", "large": "https://rema-product-images.digital.rema1000.dk/90312/1-large-18oXzwnE9k.webp"}], "prices": [{"price": 7.5, "price_over_max_quantity": null, "max_quantity": null, "is_advertised": false, "is_campaign": false, "starting_at": "2025-01-23T00:00:00+00:00", "ending_at": "2099-12-31T00:00:00+00:00", "deposit": null, "compare_unit": "kg", "compare_unit_price": 15, "consumption_unit": null, "consumption_quantity": null}], "temperature_zone": null, "is_self_scale_item": false, "is_weight_item": false, "is_available_in_all_stores": true, "is_batch_item": false}
{"id": 90318, "name": "HAVREMEL", "underline": "1.4 KG. / FINMALET", "age_limit": null, "hazard_precaution_statements": [], "labels": [{"id": 2, "name": "REMA1000", "image": "https://static-assets.digital.rema1000.dk/product/labels/2-64.webp"}, {"id": 5, "name": "Økologi", "image": "https://static-assets.digital.rema1000.dk/product/labels/5-64.webp"}, {"id": 6, "name": "Økologi", "image": "https://static-assets.digital.rema1000.dk/product/labels/6-64.webp"}, {"id": 38, "name": "Gluten fri", "image": "https://static-assets.digital.rema1000.dk/product/labels/38-64.webp"}, {"id": 40, "name": "Nøglehul", "image": "https://static-assets.digital.rema1000.dk/product/labels/40-64.webp"}, {"id": 43, "name": "Fuldkorn", "image": "https://static-assets.digital.rema1000.dk/product/labels/43-64.webp"}], "description": "Glutenfri økologisk fuldkornshavremel", "info": "", "images": [{"small": "https://rema-product-images.digital.rema1000.dk/90318/1-small-2B943Yy6qk.webp", "medium": "https://rema-product-images.digital.rema1000.dk/90318/1-medium-2B943Yy6qk.webp", "large": "https://rema-product-images.digital.rema1000.dk/90318/1-large-2B943Yy6qk.webp"}], "prices": [{"price": 29.95, "price_over_max_quantity": null, "max_quantity": null, "is_advertised": false, "is_campaign": false, "starting_at": "2016-06-09T00:00:00+00:00", "ending_at": "2099-12-31T00:00:00+00:00", "deposit": null, "compare_unit": "kg", "compare_unit_price": 21.39, "consumption_unit": null, "consumption_quantity": null}], "temperature_zone": null, "is_self_scale_item": false, "is_weight_item": false, "is_available_in_all_stores": true, "is_batch_item": false}
{"id": 90326, "name": "FULDKORNS HVEDEMEL", "underline": "1 KG. / GRAM SLOT", "age_limit": null, "hazard_precaution_statements": [], "labels": [{"id": 5, "name": "Økologi", "image": "https://static-assets.digital.rema1000.dk/product/labels/5-64.webp"}, {"id": 6, "name": "Økologi", "image": "https://static-assets.digital.rema1000.dk/product/labels/6-64.webp"}, {"id": 39, "name": "Gram slot", "image": "https://static-assets.digital.rema1000.dk/product/labels/39-64.webp"}, {"id": 40, "name": "Nøglehul", "image": "https://static-assets.digital.rema1000.dk/product/labels/40-64.webp"}, {"id": 43, "name": "Fuldkorn", "image": "https://static-assets.digital.rema1000.dk/product/labels/43-64.webp"}], "description": "<br /> REMA 1000 er medejer af et af Danmarks største økologiske landbrug, Gram Slot, som dagligt leverer bl.a. økologisk mælk, kartofler, mel og havregryn til REMA 1000s butikker. På Gram Slot er dyrevelfærd i højsædet, ligesom Jorden ved Gram Slot dyrkes med stor respekt og omtanke.<br /> <br /> På Gram Slot dyrker vi selv den hvede, som bruges til melen. Da vi driver vores landbrug økologisk, bruger vi ingen kunstgødning eller sprøjtemidler i vores hvedemarker.<br /> <br /> Vi maler vores hvedemel som i gamle dage på en langsomtgående stenkværn, som er med til at sikre, at melet får en helt særlig struktur. Ligeledes bevares kornets kim og klid samt alle de næringsstoffer som findes i kornet.<br /> <br />", "info": "", "images": [{"small": "https://rema-product-images.digital.rema1000.dk/90326/1-small-kOq3b3Q8o6.webp", "medium": "https://rema-product-images.digital.rema1000.dk/90326/1-medium-kOq3b3Q8o6.webp", "large": "https://rema-product-images.digital.rema1000.dk/90326/1-large-kOq3b3Q8o6.webp"}], "prices": [{"price": 19.95, "price_over_max_quantity": null, "max_quantity": null, "is_advertised": false, "is_campaign": false, "starting_at": "2025-08-01T00:00:00+00:00", "ending_at": "2099-12-31T00:00:00+00:00", "deposit": null, "compare_unit": "kg", "compare_unit_price": 19.95, "consumption_unit": null, "consumption_quantity": null}], "temperature_zone": null, "is_self_scale_item": false, "is_weight_item": false, "is_available_in_all_stores": true, "is_batch_item": false}
{"id": 90327, "name": "FULDKORNS SPELTMEL", "underline": "1 KG. / GRAM SLOT", "age_limit": null, "hazard_precaution_statements": [], "labels": [{"id": 5, "name": "Økologi", "image": "https://static-assets.digital.rema1000.dk/product/labels/5-64.webp"}, {"id": 6, "name": "Økologi", "image": "https://static-assets.digital.rema1000.dk/product/labels/6-64.webp"}, {"id": 39, "name": "Gram slot", "image": "https://static-assets.digital.rema1000.dk/product/labels/39-64.webp"}, {"id": 40, "name": "Nøglehul", "image": "https://static-assets.digital.rema1000.dk/product/labels/40-64.webp"}, {"id": 43, "name": "Fuldkorn", "image": "https://static-assets.digital.rema1000.dk/product/labels/43-64.webp"}], "description": "<br /> REMA 1000 er medejer af et af Danmarks største økologiske landbrug, Gram Slot, som dagligt leverer bl.a. økologisk mælk, kartofler, mel og havregryn til REMA 1000s butikker. På Gram Slot er dyrevelfærd i højsædet, ligesom Jorden ved Gram Slot dyrkes med stor respekt og omtanke.<br /> <br /> På Gram Slot dyrker vi selv den spelt som bruges til melen. Da vi driver vores landbrug økologisk, bruger vi ingen kunstgødning eller sprøjtemidler i vores speltmarker. <br /> <br /> Vi maler vores speltmel som i gamle dage på en langsomtgående stenkværn, som er med til at sikre, at melet får en helt særlig struktur. Ligeledes bevares kornets kim og klid samt alle de næringsstoffer som findes i kornet.<br /> <br />", "info": "", "images": [{"small": "https://rema-product-images.digital.rema1000.dk/90327/1-small-OW9OVzG0qg.webp", "medium": "https://rema-product-images.digital.rema1000.dk/90327/1-medium-OW9OVzG0qg.webp", "large": "https://rema-product-images.digital.rema1000.dk/90327/1-large-OW9OVzG0qg.webp"}], "prices": [{"price": 28.95, "price_over_max_quantity": null, "max_quantity": null, "is_advertised": false, "is_campaign": false, "starting_at": "2025-08-01T00:00:00+00:00", "ending_at": "2099-12-31T00:00:00+00:00", "deposit": null, "compare_unit": "kg", "compare_unit_price": 28.95, "consumption_unit": null, "consumption_quantity": null}], "temperature_zone": null, "is_self_scale_item": false, "is_weight_item": false, "is_available_in_all_stores": true, "is_batch_item": false}
{"id": 90328, "name": "FULDKORNS RUGMEL", "underline": "1 KG. / GRAM SLOT", "age_limit": null, "hazard_precaution_statements": [], "labels": [{"id": 5, "name": "Økologi", "image": "https://static-assets.digital.rema1000.dk/product/labels/5-64.webp"}, {"id": 6, "name": "Økologi", "image": "https://static-assets.digital.rema1000.dk/product/labels/6-64.webp"}, {"id": 39, "name": "Gram slot", "image": "https://static-assets.digital.rema1000.dk/product/labels/39-64.webp"}, {"id": 40, "name": "Nøglehul", "image": "https://static-assets.digital.rema1000.dk/product/labels/40-64.webp"}, {"id": 43, "name": "Fuldkorn", "image": "https://static-assets.digital.rema1000.dk/product/labels/43-64.webp"}], "description": "<br /> REMA 1000 er medejer af et af Danmarks største økologiske landbrug, Gram Slot, som dagligt leverer bl.a. økologisk mælk, kartofler, mel og havregryn til REMA 1000s butikker. På Gram Slot er dyrevelfærd i højsædet, ligesom Jorden ved Gram Slot dyrkes med stor respekt og omtanke.<br /> <br /> På Gram Slot dyrker vi selv den rug, som bruges til melen. Da vi driver vores landbrug økologisk, bruger vi ingen kunstgødning eller sprøjtemidler i vores rugmarker. <br /> <br /> Vi maler vores rugmel som i gamle dage på en langsomtgående stenkværn, som er med til at sikre, at melet får en helt særlig struktur. Ligeledes bevares kornets kim og klid samt alle de næringsstoffer som findes i kornet.<br /> <br />", "info": "", "images": [{"small": "https://rema-product-images.digital.rema1000.dk/90328/1-small-xyqaj4V89D.webp", "medium": "https://rema-product-images.digital.rema1000.dk/90328/1-medium-xyqaj4V89D.webp", "large": "https://rema-product-images.digital.rema1000.dk/90328/1-large-xyqaj4V89D.webp"}], "prices": [{"price": 19.95, "price_over_max_quantity": null, "max_quantity": null, "is_advertised": false, "is_campaign": false, "starting_at": "2025-08-01T00:00:00+00:00", "ending_at": "2099-12-31T00:00:00+00:00", "deposit": null, "compare_unit": "kg", "compare_unit_price": 19.95, "consumption_unit": null, "consumption_quantity": null}], "temperature_zone": null, "is_self_scale_item": false, "is_weight_item": false, "is_available_in_all_stores": true, "is_batch_item": false}
{"id": 90330, "name": "FUSILLI FULDKORN", "underline": "500 GR. / REMA 1000", "age_limit": null, "hazard_precaution_statements": [], "labels": [{"id": 2, "name": "REMA1000", "image": "https://static-assets.digital.rema1000.dk/product/labels/2-64.webp"}, {"id": 5, "name": "Økologi", "image": "https://static-assets.digital.rema1000.dk/product/labels/5-64.webp"}, {"id": 40, "name": "Nøglehul", "image": "https://static-assets.digital.rema1000.dk/product/labels/40-64.webp"}, {"id": 43, "name": "Fuldkorn", "image": "https://static-assets.digital.rema1000.dk/product/labels/43-64.webp"}], "description": null, "info": "", "images": [{"small": "https://rema-product-images.digital.rema1000.dk/90330/1-small-869D762bqM.webp", "medium": "https://rema-product-images.digital.rema1000.dk/90330/1-medium-869D762bqM.webp", "large": "https://rema-product-images.digital.rema1000.dk/90330/1-large-869D762bqM.webp"}], "prices": [{"price": 11.95, "price_over_max_quantity": null, "max_quantity": null, "is_advertised": false, "is_campaign": false, "starting_at": "2022-09-29T00:00:00+00:00", "ending_at": "2099-12-31T00:00:00+00:00", "deposit": null, "compare_unit": "kg", "compare_unit_price": 23.9, "consumption_unit": null, "consumption_quantity": null}], "temperature_zone": null, "is_self_scale_item": false, "is_weight_item": false, "is_available_in_all_stores": true, "is_batch_item": false}
{"id": 90331, "name": "ØLANDS HVEDEMEL", "underline": "1 KG. / GRAM SLOT", "age_limit": null, "hazard_precaution_statements": [], "labels": [{"id": 5, "name": "Økologi", "image": "https://static-assets.digital.rema1000.dk/product/labels/5-64.webp"}, {"id": 6, "name": "Økologi", "image": "https://static-assets.digital.rema1000.dk/product/labels/6-64.webp"}, {"id": 39, "name": "Gram slot", "image": "https://static-assets.digital.rema1000.dk/product/labels/39-64.webp"}], "description": "<br /> REMA 1000 er medejer af et af Danmarks største økologiske landbrug, Gram Slot, som dagligt leverer bl.a. økologisk mælk, kartofler, mel og havregryn til REMA 1000s butikker. På Gram Slot er dyrevelfærd i højsædet, ligesom Jorden ved Gram Slot dyrkes med stor respekt og omtanke.<br /> <br /> På Gram Slot dyrker vi selv den ølandshvede, som bruges til melen. Da vi driver vores landbrug økologisk, bruger vi ingen kunstgødning eller sprøjtemidler i vores marker. <br /> <br /> Vi maler vores ølandshvedemel som i gamle dage på en langsomtgående stenkværn, som er med til at sikre, at melet får en helt særlig struktur. Ligeledes bevares kornets kim og klid samt alle de næringsstoffer som findes i kornet.<br /> <br />", "info": "", "images": [{"small": "https://rema-product-images.digital.rema1000.dk/90331/1-small-01q231lv97.webp", "medium": "https://rema-product-images.digital.rema1000.dk/90331/1-medium-01q231lv97.webp", "large": "https://rema-product-images.digital.rema1000.dk/90331/1-large-01q231lv97.webp"}], "prices": [{"price": 25.95, "price_over_max_quantity": null, "max_quantity": null, "is_advertised": false, "is_campaign": false, "starting_at": "2025-08-01T00:00:00+00:00", "ending_at": "2099-12-31T00:00:00+00:00", "deposit": null, "compare_unit": "kg", "compare_unit_price": 25.95, "consumption_unit": null, "consumption_quantity": null}], "temperature_zone": null, "is_self_scale_item": false, "is_weight_item": false, "is_available_in_all_stores": true, "is_batch_item": false}
{"id": 90332, "name": "PENNE FULDKORN", "underline": "500 GR. / REMA 1000", "age_limit": null, "hazard_precaution_statements": [], "labels": [{"id": 2, "name": "REMA1000", "image": "https://static-assets.digital.rema1000.dk/product/labels/2-64.webp"}, {"id": 5, "name": "Økologi", "image": "https://static-assets.digital.rema1000.dk/product/labels/5-64.webp"}, {"id": 40, "name": "Nøglehul", "image": "https://static-assets.digital.rema1000.dk/product/labels/40-64.webp"}, {"id": 43, "name": "Fuldkorn", "image": "https://static-assets.digital.rema1000.dk/product/labels/43-64.webp"}], "description": null, "info": "", "images": [{"small": "https://rema-product-images.digital.rema1000.dk/90332/1-small-nDPWJzvp9W.webp", "medium": "https://rema-product-images.digital.rema1000.dk/90332/1-medium-nDPWJzvp9W.webp", "large": "https://rema-product-images.digital.rema1000.dk/90332/1-large-nDPWJzvp9W.webp"}], "prices": [{"price": 11.95, "price_over_max_quantity": null, "max_quantity": null, "is_advertised": false, "is_campaign": false, "starting_at": "2022-09-29T00:00:00+00:00", "ending_at": "2099-12-31T00:00:00+00:00", "deposit": null, "compare_unit": "kg", "compare_unit_price": 23.9, "consumption_unit": null, "consumption_quantity": null}], "temperature_zone": null, "is_self_scale_item": false, "is_weight_item": false, "is_available_in_all_stores": true, "is_batch_item": false}
{"id": 90335, "name": "SPAGHETTI FULDKORN", "underline": "500 GR. / REMA 1000", "age_limit": null, "hazard_precaution_statements": [], "labels": [{"id": 2, "name": "REMA1000", "image": "https://static-assets.digital.rema1000.dk/product/labels/2-64.webp"}, {"id": 5, "name": "Økologi", "image": "https://static-assets.digital.rema1000.dk/product/labels/5-64.webp"}, {"id": 40, "name": "Nøglehul", "image": "https://static-assets.digital.rema1000.dk/product/labels/40-64.webp"}, {"id": 43, "name": "Fuldkorn", "image": "https://static-assets.digital.rema1000.dk/product/labels/43-64.webp"}], "description": null, "info": "", "images": [{"small": "https://rema-product-images.digital.rema1000.dk/90335/1-small-Gb9kM68wo7.webp", "medium": "https://rema-product-images.digital.rema1000.dk/90335/1-medium-Gb9kM68wo7.webp", "large": "https://rema-product-images.digital.rema1000.dk/90335/1-large-Gb9kM68wo7.webp"}], "prices": [{"price": 8.95, "price_over_max_quantity": null, "max_quantity": null, "is_advertised": false, "is_campaign": false, "starting_at": "2021-12-09T00:00:00+00:00", "ending_at": "2099-12-31T00:00:00+00:00", "deposit": null, "compare_unit": "kg", "compare_unit_price": 17.9, "consumption_unit": null, "consumption_quantity": null}], "temperature_zone": null, "is_self_scale_item": false, "is_weight_item": false, "is_available_in_all_stores": true, "is_batch_item": false}
{"id": 90346, "name": "PENNE RIGATE", "underline": "500 GR. / REMA 1000", "age_limit": null, "hazard_precaution_statements": [], "labels": [{"id": 2, "name": "REMA1000", "image": "https://static-assets.digital.rema1000.dk/product/labels/2-64.webp"}], "description": null, "info": "", "images": [{"small": "https://rema-product-images.digital.rema1000.dk/90346/1-small-kAonlM7G9x.webp", "medium": "https://rema-product-images.digital.rema1000.dk/90346/1-medium-kAonlM7G9x.webp", "large": "https://rema-product-images.digital.rema1000.dk/90346/1-large-kAonlM7G9x.webp"}], "prices": [{"price": 8.5, "price_over_max_quantity": null, "max_quantity": null, "is_advertised": false, "is_campaign": false, "starting_at": "2023-11-30T00:00:00+00:00", "ending_at": "2025-09-13T00:00:00+00:00", "deposit": null, "compare_unit": "kg", "compare_unit_price": 17, "consumption_unit": null, "consumption_quantity": null}], "temperature_zone": null, "is_self_scale_item": false, "is_weight_item": false, "is_available_in_all_stores": true, "is_batch_item": false}
{"id": 90348, "name": "FULDK. LASAGNEPLADE", "underline": "500 GR. / REMA 1000", "age_limit": null, "hazard_precaution_statements": [], "labels": [{"id": 2, "name": "REMA1000", "image": "https://static-assets.digital.rema1000.dk/product/labels/2-64.webp"}, {"id": 40, "name": "Nøglehul", "image": "https://static-assets.digital.rema1000.dk/product/labels/40-64.webp"}, {"id": 43, "name": "Fuldkorn", "image": "https://static-assets.digital.rema1000.dk/product/labels/43-64.webp"}], "description": null, "info": "", "images": [{"small": "https://rema-product-images.digital.rema1000.dk/90348/1-small-OJq52aJX9p.webp", "medium": "https://rema-product-images.digital.rema1000.dk/90348/1-medium-OJq52aJX9p.webp", "large": "https://rema-product-images.digital.rema1000.dk/90348/1-large-OJq52aJX9p.webp"}], "prices": [{"price": 16.95, "price_over_max_quantity": null, "max_quantity": null, "is_advertised": false, "is_campaign": false, "starting_at": "2022-12-01T00:00:00+00:00", "ending_at": "2099-12-31T00:00:00+00:00", "deposit": null, "compare_unit": "kg", "compare_unit_price": 33.9, "consumption_unit": null, "consumption_quantity": null}], "temperature_zone": null, "is_self_scale_item": false, "is_weight_item": false, "is_available_in_all_stores": true, "is_batch_item": false}
{"id": 90352, "name": "SPAGHETTI", "underline": "1 KG. / REMA 1000", "age_limit": null, "hazard_precaution_statements": [], "labels": [{"id": 2, "name": "REMA1000", "image": "https://static-assets.digital.rema1000.dk/product/labels/2-64.webp"}], "description": null, "info": "", "images": [{"small": "https://rema-product-images.digital.rema1000.dk/90352/1-small-NpP7kOLXPO.webp", "medium": "https://rema-product-images.digital.rema1000.dk/90352/1-medium-NpP7kOLXPO.webp", "large": "https://rema-product-images.digital.rema1000.dk/90352/1-large-NpP7kOLXPO.webp"}], "prices": [{"price": 10.7, "price_over_max_quantity": null, "max_quantity": null, "is_advertised": false, "is_campaign": false, "starting_at": "2024-07-18T00:00:00+00:00", "ending_at": "2099-12-31T00:00:00+00:00", "deposit": null, "compare_unit": "kg", "compare_unit_price": 10.7, "consumption_unit": null, "consumption_quantity": null}], "temperature_zone": null, "is_self_scale_item": false, "is_weight_item": false, "is_available_in_all_stores": true, "is_batch_item": false}
{"id": 90354, "name": "SKÅRNE RUGKERNER", "underline": "1 KG. / REMA 1000", "age_limit": null, "hazard_precaution_statements": [], "labels": [{"id": 2, "name": "REMA1000", "image": "https://static-assets.digital.rema1000.dk/product/labels/2-64.webp"}, {"id": 40, "name": "Nøglehul", "image": "https://static-assets.digital.rema1000.dk/product/labels/40-64.webp"}, {"id": 43, "name": "Fuldkorn", "image": "https://static-assets.digital.rema1000.dk/product/labels/43-64.webp"}, {"id": 70, "name": "Dansk", "image": "https://static-assets.digital.rema1000.dk/product/labels/70-64.webp"}], "description": null, "info": "", "images": [{"small": "https://rema-product-images.digital.rema1000.dk/90354/1-small-Al90W3Q7q8.webp", "medium": "https://rema-product-images.digital.rema1000.dk/90354/1-medium-Al90W3Q7q8.webp", "large": "https://rema-product-images.digital.rema1000.dk/90354/1-large-Al90W3Q7q8.webp"}], "prices": [{"price": 12.25, "price_over_max_quantity": null, "max_quantity": null, "is_advertised": false, "is_campaign": false, "starting_at": "2025-06-19T00:00:00+00:00", "ending_at": "2099-12-31T00:00:00+00:00", "deposit": null, "compare_unit": "kg", "compare_unit_price": 12.25, "consumption_unit": null, "consumption_quantity": null}], "temperature_zone": null, "is_self_scale_item": false, "is_weight_item": false, "is_available_in_all_stores": true, "is_batch_item": false}
{"id": 90355, "name": "GRAHAMSMEL", "underline": "1 KG. / REMA 1000", "age_limit": null, "hazard_precaution_statements": [], "labels": [{"id": 2, "name": "REMA1000", "image": "https://static-assets.digital.rema1000.dk/product/labels/2-64.webp"}, {"id": 40, "name": "Nøglehul", "image": "https://static-assets.digital.rema1000.dk/product/labels/40-64.webp"}, {"id": 43, "name": "Fuldkorn", "image": "https://static-assets.digital.rema1000.dk/product/labels/43-64.webp"}, {"id": 70, "name": "Dansk", "image": "https://static-assets.digital.rema1000.dk/product/labels/70-64.webp"}], "description": null, "info": "", "images": [{"small": "https://rema-product-images.digital.rema1000.dk/90355/1-small-A5qVz6b1qa.webp", "medium": "https://rema-product-images.digital.rema1000.dk/90355/1-medium-A5qVz6b1qa.webp", "large": "https://rema-product-images.digital.rema1000.dk/90355/1-large-A5qVz6b1qa.webp"}], "prices": [{"price": 12.25, "price_over_max_quantity": null, "max_quantity": null, "is_advertised": false, "is_campaign": false, "starting_at": "2025-06-19T00:00:00+00:00", "ending_at": "2099-12-31T00:00:00+00:00", "deposit": null, "compare_unit": "kg", "compare_unit_price": 12.25, "consumption_unit": null, "consumption_quantity": null}], "temperature_zone": null, "is_self_scale_item": false, "is_weight_item": false, "is_available_in_all_stores": true, "is_batch_item": false}
{"id": 90356, "name": "SIGTET SPELTMEL", "underline": "1 KG. / REMA 1000", "age_limit": null, "hazard_precaution_statements": [], "labels": [{"id": 2, "name": "REMA1000", "image": "https://static-assets.digital.rema1000.dk/product/labels/2-64.webp"}, {"id": 70, "name": "Dansk", "image": "https://static-assets.digital.rema1000.dk/product/labels/70-64.webp"}], "description": null, "info": "", "images": [{"small": "https://rema-product-images.digital.rema1000.dk/90356/1-small-18oXzwRE9k.webp", "medium": "https://rema-product-images.digital.rema1000.dk/90356/1-medium-18oXzwRE9k.webp", "large": "https://rema-product-images.digital.rema1000.dk/90356/1-large-18oXzwRE9k.webp"}], "prices": [{"price": 17.95, "price_over_max_quantity": null, "max_quantity": null, "is_advertised": false, "is_campaign": false, "starting_at": "2022-12-01T00:00:00+00:00", "ending_at": "2099-12-31T00:00:00+00:00", "deposit": null, "compare_unit": "kg", "compare_unit_price": 17.95, "consumption_unit": null, "consumption_quantity": null}], "temperature_zone": null, "is_self_scale_item": false, "is_weight_item": false, "is_available_in_all_stores": true, "is_batch_item": false}
{"id": 90363, "name": "BUCATINI/MAKARONI", "underline": "500 GR. / REMA 1000", "age_limit": null, "hazard_precaution_statements": [], "labels": [{"id": 2, "name": "REMA1000", "image": "https://static-assets.digital.rema1000.dk/product/labels/2-64.webp"}], "description": null, "info": "", "images": [{"small": "https://rema-product-images.digital.rema1000.dk/90363/1-small-rDq6DKLOPb.webp", "medium": "https://rema-product-images.digital.rema1000.dk/90363/1-medium-rDq6DKLOPb.webp", "large": "https://rema-product-images.digital.rema1000.dk/90363/1-large-rDq6DKLOPb.webp"}], "prices": [{"price": 9.95, "price_over_max_quantity": null, "max_quantity": null, "is_advertised": false, "is_campaign": false, "starting_at": "2022-04-28T00:00:00+00:00", "ending_at": "2025-09-13T00:00:00+00:00", "deposit": null, "compare_unit": "kg", "compare_unit_price": 19.9, "consumption_unit": null, "consumption_quantity": null}], "temperature_zone": null, "is_self_scale_item": false, "is_weight_item": false, "is_available_in_all_stores": true, "is_batch_item": false}
{"id": 90372, "name": "FUSILLI TRICOLORE", "underline": "500 GR. / REMA 1000", "age_limit": null, "hazard_precaution_statements": [], "labels": [{"id": 2, "name": "REMA1000", "image": "https://static-assets.digital.rema1000.dk/product/labels/2-64.webp"}], "description": null, "info": "", "images": [{"small": "https://rema-product-images.digital.rema1000.dk/90372/1-small-xyqaj4d89D.webp", "medium": "https://rema-product-images.digital.rema1000.dk/90372/1-medium-xyqaj4d89D.webp", "large": "https://rema-product-images.digital.rema1000.dk/90372/1-large-xyqaj4d89D.webp"}], "prices": [{"price": 10.95, "price_over_max_quantity": null, "max_quantity": null, "is_advertised": false, "is_campaign": false, "starting_at": "2022-12-01T00:00:00+00:00", "ending_at": "2025-09-13T00:00:00+00:00", "deposit": null, "compare_unit": "kg", "compare_unit_price": 21.9, "consumption_unit": null, "consumption_quantity": null}], "temperature_zone": null, "is_self_scale_item": false, "is_weight_item": false, "is_available_in_all_stores": true, "is_batch_item": false}
{"id": 90377, "name": "SPAGHETTI ØKOLOGISK", "underline": "500 GR. / REMA 1000", "age_limit": null, "hazard_precaution_statements": [], "labels": [{"id": 2, "name": "REMA1000", "image": "https://static-assets.digital.rema1000.dk/product/labels/2-64.webp"}, {"id": 5, "name": "Økologi", "image": "https://static-assets.digital.rema1000.dk/product/labels/5-64.webp"}], "description": null, "info": "", "images": [{"small": "https://rema-product-images.digital.rema1000.dk/90377/1-small-YLPjL7kLqk.webp", "medium": "https://rema-product-images.digital.rema1000.dk/90377/1-medium-YLPjL7kLqk.webp", "large": "https://rema-product-images.digital.rema1000.dk/90377/1-large-YLPjL7kLqk.webp"}], "prices": [{"price": 8.95, "price_over_max_quantity": null, "max_quantity": null, "is_advertised": false, "is_campaign": false, "starting_at": "2024-07-18T00:00:00+00:00", "ending_at": "2099-12-31T00:00:00+00:00", "deposit": null, "compare_unit": "kg", "compare_unit_price": 17.9, "consumption_unit": null, "consumption_quantity": null}], "temperature_zone": null, "is_self_scale_item": false, "is_weight_item": false, "is_available_in_all_stores": true, "is_batch_item": false}
{"id": 90402, "name": "HAVREKLID", "underline": "750 GR. / VALSEMØLLEN", "age_limit": null, "hazard_precaution_statements": [], "labels": [{"id": 40, "name": "Nøglehul", "image": "https://static-assets.digital.rema1000.dk/product/labels/40-64.webp"}], "description": null, "info": "", "images": [{"small": "https://rema-product-images.digital.rema1000.dk/90402/1-small-kAonlME09x.webp", "medium": "https://rema-product-images.digital.rema1000.dk/90402/1-medium-kAonlME09x.webp", "large": "https://rema-product-images.digital.rema1000.dk/90402/1-large-kAonlME09x.webp"}], "prices": [{"price": 21.95, "price_over_max_quantity": null, "max_quantity": null, "is_advertised": false, "is_campaign": false, "starting_at": "2022-12-01T00:00:00+00:00", "ending_at": "2099-12-31T00:00:00+00:00", "deposit": null, "compare_unit": "kg", "compare_unit_price": 29.27, "consumption_unit": null, "consumption_quantity": null}], "temperature_zone": null, "is_self_scale_item": false, "is_weight_item": false, "is_available_in_all_stores": true, "is_batch_item": false}
{"id": 90405, "name": "MELMIX", "underline": "900 GR. / FINAX", "age_limit": null, "hazard_precaution_statements": [], "labels": [{"id": 38, "name": "Gluten fri", "image": "https://static-assets.digital.rema1000.dk/product/labels/38-64.webp"}], "description": "Glutenfri basismelmix som kan erstatte almindeligt hvedemel. Du kan anvende Melmix til alt fra brød og kager til pizzadej og sovse jævning", "info": "", "images": [{"small": "https://rema-product-images.digital.rema1000.dk/90405/1-small-xQq8gYZLoZ.webp", "medium": "https://rema-product-images.digital.rema1000.dk/90405/1-medium-xQq8gYZLoZ.webp", "large": "https://rema-product-images.digital.rema1000.dk/90405/1-large-xQq8gYZLoZ.webp"}], "prices": [{"price": 37.95, "price_over_max_quantity": null, "max_quantity": null, "is_advertised": false, "is_campaign": false, "starting_at": "2022-07-07T00:00:00+00:00", "ending_at": "2099-12-31T00:00:00+00:00", "deposit": null, "compare_unit": "kg", "compare_unit_price": 42.17, "consumption_unit": null, "consumption_quantity": null}], "temperature_zone": null, "is_self_scale_item": false, "is_weight_item": false, "is_available_in_all_stores": false, "is_batch_item": false}
{"id": 90406, "name": "FIBERBRØDMIX", "underline": "1 KG. / FINAX", "age_limit": null, "hazard_precaution_statements": [], "labels": [{"id": 38, "name": "Gluten fri", "image": "https://static-assets.digital.rema1000.dk/product/labels/38-64.webp"}], "description": null, "info": "", "images": [{"small": "https://rema-product-images.digital.rema1000.dk/90406/1-small-vVoryQkkP3.webp", "medium": "https://rema-product-images.digital.rema1000.dk/90406/1-medium-vVoryQkkP3.webp", "large": "https://rema-product-images.digital.rema1000.dk/90406/1-large-vVoryQkkP3.webp"}], "prices": [{"price": 44.95, "price_over_max_quantity": null, "max_quantity": null, "is_advertised": false, "is_campaign": false, "starting_at": "2022-12-01T00:00:00+00:00", "ending_at": "2099-12-31T00:00:00+00:00", "deposit": null, "compare_unit": "kg", "compare_unit_price": 44.95, "consumption_unit": null, "consumption_quantity": null}], "temperature_zone": null, "is_self_scale_item": false, "is_weight_item": false, "is_available_in_all_stores": false, "is_batch_item": false}
{"id": 90430, "name": "CHOKOLADEKAGE", "underline": "400 GR. / MELBLANDING", "age_limit": null, "hazard_precaution_statements": [], "labels": [{"id": 2, "name": "REMA1000", "image": "https://static-assets.digital.rema1000.dk/product/labels/2-64.webp"}, {"id": 38, "name": "Gluten fri", "image": "https://static-assets.digital.rema1000.dk/product/labels/38-64.webp"}], "description": null, "info": "", "images": [{"small": "https://rema-product-images.digital.rema1000.dk/90430/1-small-869D76k3qM.webp", "medium": "https://rema-product-images.digital.rema1000.dk/90430/1-medium-869D76k3qM.webp", "large": "https://rema-product-images.digital.rema1000.dk/90430/1-large-869D76k3qM.webp"}], "prices": [{"price": 25, "price_over_max_quantity": null, "max_quantity": null, "is_advertised": false, "is_campaign": false, "starting_at": "2022-04-07T00:00:00+00:00", "ending_at": "2099-12-31T00:00:00+00:00", "deposit": null, "compare_unit": "kg", "compare_unit_price": 62.5, "consumption_unit": null, "consumption_quantity": null}], "temperature_zone": null, "is_self_scale_item": false, "is_weight_item": false, "is_available_in_all_stores": false, "is_batch_item": false}
{"id": 90445, "name": "FULDKORNSNUDLER", "underline": "250 GR. / REMA 1000", "age_limit": null, "hazard_precaution_statements": [], "labels": [{"id": 2, "name": "REMA1000", "image": "https://static-assets.digital.rema1000.dk/product/labels/2-64.webp"}, {"id": 40, "name": "Nøglehul", "image": "https://static-assets.digital.rema1000.dk/product/labels/40-64.webp"}, {"id": 43, "name": "Fuldkorn", "image": "https://static-assets.digital.rema1000.dk/product/labels/43-64.webp"}], "description": null, "info": "", "images": [{"small": "https://rema-product-images.digital.rema1000.dk/90445/1-small-ElPB16kb9k.webp", "medium": "https://rema-product-images.digital.rema1000.dk/90445/1-medium-ElPB16kb9k.webp", "large": "https://rema-product-images.digital.rema1000.dk/90445/1-large-ElPB16kb9k.webp"}], "prices": [{"price": 7.95, "price_over_max_quantity": null, "max_quantity": null, "is_advertised": false, "is_campaign": false, "starting_at": "2024-07-18T00:00:00+00:00", "ending_at": "2099-12-31T00:00:00+00:00", "deposit": null, "compare_unit": "kg", "compare_unit_price": 31.8, "consumption_unit": null, "consumption_quantity": null}], "temperature_zone": null, "is_self_scale_item": false, "is_weight_item": false, "is_available_in_all_stores": true, "is_batch_item": false}
{"id": 90464, "name": "DURUM SEMOLINAMEL", "underline": "1 KG. / CUCINA", "age_limit": null, "hazard_precaution_statements": [], "labels": [], "description": null, "info": "", "images": [{"small": "https://rema-product-images.digital.rema1000.dk/90464/1-small-AKqebLZj9p.webp", "medium": "https://rema-product-images.digital.rema1000.dk/90464/1-medium-AKqebLZj9p.webp", "large": "https://rema-product-images.digital.rema1000.dk/90464/1-large-AKqebLZj9p.webp"}], "prices": [{"price": 17.95, "price_over_max_quantity": null, "max_quantity": null, "is_advertised": false, "is_campaign": false, "starting_at": "2023-08-31T00:00:00+00:00", "ending_at": "2099-12-31T00:00:00+00:00", "deposit": null, "compare_unit": "kg", "compare_unit_price": 17.95, "consumption_unit": null, "consumption_quantity": null}], "temperature_zone": null, "is_self_scale_item": false, "is_weight_item": false, "is_available_in_all_stores": true, "is_batch_item": false}
{"id": 90466, "name": "PIZZAMEL TIPO 00", "underline": "1 KG. / CUCINA", "age_limit": null, "hazard_precaution_statements": [], "labels": [], "description": null, "info": "", "images": [{"small": "https://rema-product-images.digital.rema1000.dk/90466/1-small-pyozdpXp9X.webp", "medium": "https://rema-product-images.digital.rema1000.dk/90466/1-medium-pyozdpXp9X.webp", "large": "https://rema-product-images.digital.rema1000.dk/90466/1-large-pyozdpXp9X.webp"}], "prices": [{"price": 14.95, "price_over_max_quantity": null, "max_quantity": null, "is_advertised": false, "is_campaign": false, "starting_at": "2025-06-19T00:00:00+00:00", "ending_at": "2099-12-31T00:00:00+00:00", "deposit": null, "compare_unit": "kg", "compare_unit_price": 14.95, "consumption_unit": null, "consumption_quantity": null}], "temperature_zone": null, "is_self_scale_item": false, "is_weight_item": false, "is_available_in_all_stores": true, "is_batch_item": false}
{"id": 90481, "name": "TØRRET TIMIAN", "underline": "30 GR. / REMA 1000", "age_limit": null, "hazard_precaution_statements": [], "labels": [{"id": 2, "name": "REMA1000", "image": "https://static-assets.digital.rema1000.dk/product/labels/2-64.webp"}], "description": null, "info": "", "images": [{"small": "https://rema-product-images.digital.rema1000.dk/90481/1-small-JzPJnvNbPk.webp", "medium": "https://rema-product-images.digital.rema1000.dk/90481/1-medium-JzPJnvNbPk.webp", "large": "https://rema-product-images.digital.rema1000.dk/90481/1-large-JzPJnvNbPk.webp"}], "prices": [{"price": 7.4, "price_over_max_quantity": null, "max_quantity": null, "is_advertised": false, "is_campaign": false, "starting_at": "2025-06-19T00:00:00+00:00", "ending_at": "2099-12-31T00:00:00+00:00", "deposit": null, "compare_unit": "kg", "compare_unit_price": 246.67, "consumption_unit": null, "consumption_quantity": null}], "temperature_zone": null, "is_self_scale_item": false, "is_weight_item": false, "is_available_in_all_stores": true, "is_batch_item": false}
{"id": 90504, "name": "VANILJESTÆNGER", "underline": "5 GR. / REMA 1000", "age_limit": null, "hazard_precaution_statements": [], "labels": [{"id": 2, "name": "REMA1000", "image": "https://static-assets.digital.rema1000.dk/product/labels/2-64.webp"}], "description": null, "info": "", "images": [{"small": "https://rema-product-images.digital.rema1000.dk/90504/1-small-OJq52aNB9p.webp", "medium": "https://rema-product-images.digital.rema1000.dk/90504/1-medium-OJq52aNB9p.webp", "large": "https://rema-product-images.digital.rema1000.dk/90504/1-large-OJq52aNB9p.webp"}], "prices": [{"price": 25, "price_over_max_quantity": null, "max_quantity": null, "is_advertised": false, "is_campaign": false, "starting_at": "2024-11-28T00:00:00+00:00", "ending_at": "2099-12-31T00:00:00+00:00", "deposit": null, "compare_unit": "kg", "compare_unit_price": 5000, "consumption_unit": null, "consumption_quantity": null}], "temperature_zone": null, "is_self_scale_item": false, "is_weight_item": false, "is_available_in_all_stores": true, "is_batch_item": false}
{"id": 90507, "name": "LANGK. ØKO JASMINRIS", "underline": "1 KG. / REMA 1000", "age_limit": null, "hazard_precaution_statements": [], "labels": [{"id": 2, "name": "REMA1000", "image": "https://static-assets.digital.rema1000.dk/product/labels/2-64.webp"}, {"id": 5, "name": "Økologi", "image": "https://static-assets.digital.rema1000.dk/product/labels/5-64.webp"}], "description": null, "info": "", "images": [{"small": "https://rema-product-images.digital.rema1000.dk/90507/1-small-v09gyQ1GoA.webp", "medium": "https://rema-product-images.digital.rema1000.dk/90507/1-medium-v09gyQ1GoA.webp", "large": "https://rema-product-images.digital.rema1000.dk/90507/1-large-v09gyQ1GoA.webp"}], "prices": [{"price": 21.95, "price_over_max_quantity": null, "max_quantity": null, "is_advertised": false, "is_campaign": false, "starting_at": "2024-07-18T00:00:00+00:00", "ending_at": "2099-12-31T00:00:00+00:00", "deposit": null, "compare_unit": "kg", "compare_unit_price": 21.95, "consumption_unit": null, "consumption_quantity": null}], "temperature_zone": null, "is_self_scale_item": false, "is_weight_item": false, "is_available_in_all_stores": true, "is_batch_item": false}
{"id": 90509, "name": "GLUTENFRIE ØKO LASAGNEPLADER", "underline": "250 GR. / REMA 1000", "age_limit": null, "hazard_precaution_statements": [], "labels": [{"id": 2, "name": "REMA1000", "image": "https://static-assets.digital.rema1000.dk/product/labels/2-64.webp"}, {"id": 5, "name": "Økologi", "image": "https://static-assets.digital.rema1000.dk/product/labels/5-64.webp"}, {"id": 38, "name": "Gluten fri", "image": "https://static-assets.digital.rema1000.dk/product/labels/38-64.webp"}], "description": null, "info": "", "images": [{"small": "https://rema-product-images.digital.rema1000.dk/90509/1-small-aboK8MJ8qp.webp", "medium": "https://rema-product-images.digital.rema1000.dk/90509/1-medium-aboK8MJ8qp.webp", "large": "https://rema-product-images.digital.rema1000.dk/90509/1-large-aboK8MJ8qp.webp"}], "prices": [{"price": 16.3, "price_over_max_quantity": null, "max_quantity": null, "is_advertised": false, "is_campaign": false, "starting_at": "2024-07-18T00:00:00+00:00", "ending_at": "2099-12-31T00:00:00+00:00", "deposit": null, "compare_unit": "kg", "compare_unit_price": 65.2, "consumption_unit": null, "consumption_quantity": null}], "temperature_zone": null, "is_self_scale_item": false, "is_weight_item": false, "is_available_in_all_stores": true, "is_batch_item": false}
{"id": 90511, "name": "RISNUDLER", "underline": "200 GR. / REMA 1000", "age_limit": null, "hazard_precaution_statements": [], "labels": [{"id": 2, "name": "REMA1000", "image": "https://static-assets.digital.rema1000.dk/product/labels/2-64.webp"}], "description": null, "info": "", "images": [{"small": "https://rema-product-images.digital.rema1000.dk/90511/1-small-A5qVz6Jyqa.webp", "medium": "https://rema-product-images.digital.rema1000.dk/90511/1-medium-A5qVz6Jyqa.webp", "large": "https://rema-product-images.digital.rema1000.dk/90511/1-large-A5qVz6Jyqa.webp"}], "prices": [{"price": 10, "price_over_max_quantity": null, "max_quantity": null, "is_advertised": false, "is_campaign": false, "starting_at": "2022-03-04T00:00:00+00:00", "ending_at": "2099-12-31T00:00:00+00:00", "deposit": null, "compare_unit": "kg", "compare_unit_price": 50, "consumption_unit": null, "consumption_quantity": null}], "temperature_zone": null, "is_self_scale_item": false, "is_weight_item": false, "is_available_in_all_stores": true, "is_batch_item": false}
{"id": 90513, "name": "ØKO. AHORNSIRUP", "underline": "250 ML. / REMA 1000", "age_limit": null, "hazard_precaution_statements": [], "labels": [{"id": 2, "name": "REMA1000", "image": "https://static-assets.digital.rema1000.dk/product/labels/2-64.webp"}, {"id": 5, "name": "Økologi", "image": "https://static-assets.digital.rema1000.dk/product/labels/5-64.webp"}], "description": null, "info": "", "images": [{"small": "https://rema-product-images.digital.rema1000.dk/90513/1-small-wyPbj0VLPE.webp", "medium": "https://rema-product-images.digital.rema1000.dk/90513/1-medium-wyPbj0VLPE.webp", "large": "https://rema-product-images.digital.rema1000.dk/90513/1-large-wyPbj0VLPE.webp"}], "prices": [{"price": 42.95, "price_over_max_quantity": null, "max_quantity": null, "is_advertised": false, "is_campaign": false, "starting_at": "2023-01-05T00:00:00+00:00", "ending_at": "2099-12-31T00:00:00+00:00", "deposit": null, "compare_unit": "ltr", "compare_unit_price": 171.8, "consumption_unit": null, "consumption_quantity": null}], "temperature_zone": null, "is_self_scale_item": false, "is_weight_item": false, "is_available_in_all_stores": true, "is_batch_item": false}
{"id": 90515, "name": "SOLSIKKE RUGBRØDSBLA", "underline": "1 KG. / AMO", "age_limit": null, "hazard_precaution_statements": [], "labels": [{"id": 40, "name": "Nøglehul", "image": "https://static-assets.digital.rema1000.dk/product/labels/40-64.webp"}, {"id": 43, "name": "Fuldkorn", "image": "https://static-assets.digital.rema1000.dk/product/labels/43-64.webp"}], "description": "Nærings deklaration er pr. ikke tilberedt rugbrød", "info": "", "images": [{"small": "https://rema-product-images.digital.rema1000.dk/90515/1-small-KpqRrjJ0qL.webp", "medium": "https://rema-product-images.digital.rema1000.dk/90515/1-medium-KpqRrjJ0qL.webp", "large": "https://rema-product-images.digital.rema1000.dk/90515/1-large-KpqRrjJ0qL.webp"}], "prices": [{"price": 22.95, "price_over_max_quantity": null, "max_quantity": null, "is_advertised": false, "is_campaign": false, "starting_at": "2023-11-16T00:00:00+00:00", "ending_at": "2099-12-31T00:00:00+00:00", "deposit": null, "compare_unit": "kg", "compare_unit_price": 22.95, "consumption_unit": null, "consumption_quantity": null}], "temperature_zone": null, "is_self_scale_item": false, "is_weight_item": false, "is_available_in_all_stores": true, "is_batch_item": false}
{"id": 90518, "name": "POLEREDE SPELTKERNER", "underline": "400 GR. / GRAM SLOT", "age_limit": null, "hazard_precaution_statements": [], "labels": [{"id": 5, "name": "Økologi", "image": "https://static-assets.digital.rema1000.dk/product/labels/5-64.webp"}, {"id": 6, "name": "Økologi", "image": "https://static-assets.digital.rema1000.dk/product/labels/6-64.webp"}], "description": null, "info": "", "images": [{"small": "https://rema-product-images.digital.rema1000.dk/90518/1-small-2B943Y2vqk.webp", "medium": "https://rema-product-images.digital.rema1000.dk/90518/1-medium-2B943Y2vqk.webp", "large": "https://rema-product-images.digital.rema1000.dk/90518/1-large-2B943Y2vqk.webp"}], "prices": [{"price": 18.95, "price_over_max_quantity": null, "max_quantity": null, "is_advertised": false, "is_campaign": false, "starting_at": "2025-08-01T00:00:00+00:00", "ending_at": "2099-12-31T00:00:00+00:00", "deposit": null, "compare_unit": "kg", "compare_unit_price": 47.38, "consumption_unit": null, "consumption_quantity": null}], "temperature_zone": null, "is_self_scale_item": false, "is_weight_item": false, "is_available_in_all_stores": true, "is_batch_item": false}
{"id": 90534, "name": "GF BURGER BOLLER", "underline": "250 GR. / REMA 1000", "age_limit": null, "hazard_precaution_statements": [], "labels": [{"id": 2, "name": "REMA1000", "image": "https://static-assets.digital.rema1000.dk/product/labels/2-64.webp"}, {"id": 38, "name": "Gluten fri", "image": "https://static-assets.digital.rema1000.dk/product/labels/38-64.webp"}], "description": null, "info": "", "images": [{"small": "https://rema-product-images.digital.rema1000.dk/90534/1-small-yLqGajEGPd.webp", "medium": "https://rema-product-images.digital.rema1000.dk/90534/1-medium-yLqGajEGPd.webp", "large": "https://rema-product-images.digital.rema1000.dk/90534/1-large-yLqGajEGPd.webp"}], "prices": [{"price": 25, "price_over_max_quantity": null, "max_quantity": null, "is_advertised": false, "is_campaign": false, "starting_at": "2022-08-10T00:00:00+00:00", "ending_at": "2099-12-31T00:00:00+00:00", "deposit": null, "compare_unit": "kg", "compare_unit_price": 100, "consumption_unit": null, "consumption_quantity": null}], "temperature_zone": null, "is_self_scale_item": false, "is_weight_item": false, "is_available_in_all_stores": true, "is_batch_item": false}
{"id": 90602, "name": "STENALDERBRØDS BLD", "underline": "500 GR. / KNASERIET", "age_limit": null, "hazard_precaution_statements": [], "labels": [{"id": 38, "name": "Gluten fri", "image": "https://static-assets.digital.rema1000.dk/product/labels/38-64.webp"}], "description": null, "info": "", "images": [{"small": "https://rema-product-images.digital.rema1000.dk/90602/1-small-kAonlMpB9x.webp", "medium": "https://rema-product-images.digital.rema1000.dk/90602/1-medium-kAonlMpB9x.webp", "large": "https://rema-product-images.digital.rema1000.dk/90602/1-large-kAonlMpB9x.webp"}], "prices": [{"price": 27.95, "price_over_max_quantity": null, "max_quantity": null, "is_advertised": false, "is_campaign": false, "starting_at": "2023-02-09T00:00:00+00:00", "ending_at": "2099-12-31T00:00:00+00:00", "deposit": null, "compare_unit": "kg", "compare_unit_price": 55.9, "consumption_unit": null, "consumption_quantity": null}], "temperature_zone": null, "is_self_scale_item": false, "is_weight_item": false, "is_available_in_all_stores": true, "is_batch_item": false}
{"id": 90632, "name": "RISOTTORIS NATUREL", "underline": "500 GR. / CUCINA", "age_limit": null, "hazard_precaution_statements": [], "labels": [], "description": null, "info": "", "images": [{"small": "https://rema-product-images.digital.rema1000.dk/90632/1-small-nDPWJzxg9W.webp", "medium": "https://rema-product-images.digital.rema1000.dk/90632/1-medium-nDPWJzxg9W.webp", "large": "https://rema-product-images.digital.rema1000.dk/90632/1-large-nDPWJzxg9W.webp"}], "prices": [{"price": 22.95, "price_over_max_quantity": null, "max_quantity": null, "is_advertised": false, "is_campaign": false, "starting_at": "2023-01-02T00:00:00+00:00", "ending_at": "2099-12-31T00:00:00+00:00", "deposit": null, "compare_unit": "kg", "compare_unit_price": 45.9, "consumption_unit": null, "consumption_quantity": null}], "temperature_zone": null, "is_self_scale_item": false, "is_weight_item": false, "is_available_in_all_stores": true, "is_batch_item": false}
{"id": 90694, "name": "GRØDRIS", "underline": "1 KG. / REMA1000", "age_limit": null, "hazard_precaution_statements": [], "labels": [{"id": 2, "name": "REMA1000", "image": "https://static-assets.digital.rema1000.dk/product/labels/2-64.webp"}], "description": null, "info": "", "images": [{"small": "https://rema-product-images.digital.rema1000.dk/90694/1-small-vVoryQZ4P3.webp", "medium": "https://rema-product-images.digital.rema1000.dk/90694/1-medium-vVoryQZ4P3.webp", "large": "https://rema-product-images.digital.rema1000.dk/90694/1-large-vVoryQZ4P3.webp"}], "prices": [{"price": 12.95, "price_over_max_quantity": null, "max_quantity": null, "is_advertised": false, "is_campaign": false, "starting_at": "2024-07-18T00:00:00+00:00", "ending_at": "2099-12-31T00:00:00+00:00", "deposit": null, "compare_unit": "kg", "compare_unit_price": 12.95, "consumption_unit": null, "consumption_quantity": null}], "temperature_zone": null, "is_self_scale_item": false, "is_weight_item": false, "is_available_in_all_stores": true, "is_batch_item": false}
{"id": 90710, "name": "GROVTÆRTE", "underline": "300 GR. / AMO", "age_limit": null, "hazard_precaution_statements": [], "labels": [{"id": 9001, "name": "Avisvare", "image": "https://static-assets.digital.rema1000.dk/product/labels/9001-64.webp"}], "description": null, "info": "", "images": [{"small": "https://rema-product-images.digital.rema1000.dk/90710/1-small-Al90W32Gq8.webp", "medium": "https://rema-product-images.digital.rema1000.dk/90710/1-medium-Al90W32Gq8.webp", "large": "https://rema-product-images.digital.rema1000.dk/90710/1-large-Al90W32Gq8.webp"}], "prices": [{"price": 15, "price_over_max_quantity": null, "max_quantity": null, "is_advertised": true, "is_campaign": false, "starting_at": "2025-08-17T00:00:00+00:00", "ending_at": "2025-11-15T00:00:00+00:00", "deposit": null, "compare_unit": "kg", "compare_unit_price": 50, "consumption_unit": null, "consumption_quantity": null}], "temperature_zone": null, "is_self_scale_item": false, "is_weight_item": false, "is_available_in_all_stores": true, "is_batch_item": true}
{"id": 90727, "name": "HVERDAG FØDSELSDAGSBOLLER", "underline": "750 GR. / VALSEMØLLEN", "age_limit": null, "hazard_precaution_statements": [], "labels": [], "description": null, "info": "", "images": [{"small": "https://rema-product-images.digital.rema1000.dk/90727/1-small-OW9OVz1xqg.webp", "medium": "https://rema-product-images.digital.rema1000.dk/90727/1-medium-OW9OVz1xqg.webp", "large": "https://rema-product-images.digital.rema1000.dk/90727/1-large-OW9OVz1xqg.webp"}], "prices": [{"price": 15, "price_over_max_quantity": null, "max_quantity": null, "is_advertised": false, "is_campaign": false, "starting_at": "2023-02-28T00:00:00+00:00", "ending_at": "2099-12-31T00:00:00+00:00", "deposit": null, "compare_unit": "kg", "compare_unit_price": 20, "consumption_unit": null, "consumption_quantity": null}], "temperature_zone": null, "is_self_scale_item": false, "is_weight_item": false, "is_available_in_all_stores": true, "is_batch_item": false}
{"id": 90732, "name": "PIZZA", "underline": "300 GR. / AMO", "age_limit": null, "hazard_precaution_statements": [], "labels": [{"id": 9001, "name": "Avisvare", "image": "https://static-assets.digital.rema1000.dk/product/labels/9001-64.webp"}], "description": null, "info": "", "images": [{"small": "https://rema-product-images.digital.rema1000.dk/90732/1-small-nDPWJzMV9W.webp", "medium": "https://rema-product-images.digital.rema1000.dk/90732/1-medium-nDPWJzMV9W.webp", "large": "https://rema-product-images.digital.rema1000.dk/90732/1-large-nDPWJzMV9W.webp"}], "prices": [{"price": 15, "price_over_max_quantity": null, "max_quantity": null, "is_advertised": true, "is_campaign": false, "starting_at": "2025-08-17T00:00:00+00:00", "ending_at": "2025-11-15T00:00:00+00:00", "deposit": null, "compare_unit": "kg", "compare_unit_price": 50, "consumption_unit": null, "consumption_quantity": null}], "temperature_zone": null, "is_self_scale_item": false, "is_weight_item": false, "is_available_in_all_stores": true, "is_batch_item": true}
{"id": 90733, "name": "BOLLER", "underline": "310 GR. / AMO", "age_limit": null, "hazard_precaution_statements": [], "labels": [{"id": 9001, "name": "Avisvare", "image": "https://static-assets.digital.rema1000.dk/product/labels/9001-64.webp"}], "description": null, "info": "", "images": [{"small": "https://rema-product-images.digital.rema1000.dk/90733/1-small-YLPjL7zAqk.webp", "medium": "https://rema-product-images.digital.rema1000.dk/90733/1-medium-YLPjL7zAqk.webp", "large": "https://rema-product-images.digital.rema1000.dk/90733/1-large-YLPjL7zAqk.webp"}], "prices": [{"price": 15, "price_over_max_quantity": null, "max_quantity": null, "is_advertised": true, "is_campaign": false, "starting_at": "2025-08-17T00:00:00+00:00", "ending_at": "2025-11-15T00:00:00+00:00", "deposit": null, "compare_unit": "kg", "compare_unit_price": 48.39, "consumption_unit": null, "consumption_quantity": null}], "temperature_zone": null, "is_self_scale_item": false, "is_weight_item": false, "is_available_in_all_stores": true, "is_batch_item": true}
{"id": 90734, "name": "PANDEKAGER", "underline": "320 GR. / AMO", "age_limit": null, "hazard_precaution_statements": [], "labels": [{"id": 9001, "name": "Avisvare", "image": "https://static-assets.digital.rema1000.dk/product/labels/9001-64.webp"}], "description": null, "info": "", "images": [{"small": "https://rema-product-images.digital.rema1000.dk/90734/1-small-yLqGaj15Pd.webp", "medium": "https://rema-product-images.digital.rema1000.dk/90734/1-medium-yLqGaj15Pd.webp", "large": "https://rema-product-images.digital.rema1000.dk/90734/1-large-yLqGaj15Pd.webp"}], "prices": [{"price": 15, "price_over_max_quantity": null, "max_quantity": null, "is_advertised": true, "is_campaign": false, "starting_at": "2025-08-17T00:00:00+00:00", "ending_at": "2025-11-15T00:00:00+00:00", "deposit": null, "compare_unit": "kg", "compare_unit_price": 46.88, "consumption_unit": null, "consumption_quantity": null}], "temperature_zone": null, "is_self_scale_item": false, "is_weight_item": false, "is_available_in_all_stores": true, "is_batch_item": true}
{"id": 90814, "name": "SUPPEHORN", "underline": "500 GR. / REMA 1000", "age_limit": null, "hazard_precaution_statements": [], "labels": [{"id": 2, "name": "REMA1000", "image": "https://static-assets.digital.rema1000.dk/product/labels/2-64.webp"}], "description": null, "info": "", "images": [{"small": "https://rema-product-images.digital.rema1000.dk/90814/1-small-3Movlw0m9A.webp", "medium": "https://rema-product-images.digital.rema1000.dk/90814/1-medium-3Movlw0m9A.webp", "large": "https://rema-product-images.digital.rema1000.dk/90814/1-large-3Movlw0m9A.webp"}], "prices": [{"price": 9.5, "price_over_max_quantity": null, "max_quantity": null, "is_advertised": false, "is_campaign": false, "starting_at": "2023-10-19T00:00:00+00:00", "ending_at": "2025-09-13T00:00:00+00:00", "deposit": null, "compare_unit": "kg", "compare_unit_price": 19, "consumption_unit": null, "consumption_quantity": null}], "temperature_zone": null, "is_self_scale_item": false, "is_weight_item": false, "is_available_in_all_stores": true, "is_batch_item": false}
{"id": 90822, "name": "PANDEKAGE SHAKER", "underline": "215 GR. / AMO, AMERIKANSKE", "age_limit": null, "hazard_precaution_statements": [], "labels": [{"id": 9001, "name": "Avisvare", "image": "https://static-assets.digital.rema1000.dk/product/labels/9001-64.webp"}], "description": null, "info": "", "images": [{"small": "https://rema-product-images.digital.rema1000.dk/90822/1-small-pyozdpD39X.webp", "medium": "https://rema-product-images.digital.rema1000.dk/90822/1-medium-pyozdpD39X.webp", "large": "https://rema-product-images.digital.rema1000.dk/90822/1-large-pyozdpD39X.webp"}], "prices": [{"price": 15, "price_over_max_quantity": null, "max_quantity": null, "is_advertised": true, "is_campaign": false, "starting_at": "2025-08-17T00:00:00+00:00", "ending_at": "2025-10-15T00:00:00+00:00", "deposit": null, "compare_unit": "kg", "compare_unit_price": 69.77, "consumption_unit": null, "consumption_quantity": null}], "temperature_zone": null, "is_self_scale_item": false, "is_weight_item": false, "is_available_in_all_stores": true, "is_batch_item": true}
{"id": 90823, "name": "PANDEKAGE/VAFLER", "underline": "200 GR. / AMO", "age_limit": null, "hazard_precaution_statements": [], "labels": [{"id": 9001, "name": "Avisvare", "image": "https://static-assets.digital.rema1000.dk/product/labels/9001-64.webp"}], "description": null, "info": "", "images": [{"small": "https://rema-product-images.digital.rema1000.dk/90823/1-small-MNqZnzNlqA.webp", "medium": "https://rema-product-images.digital.rema1000.dk/90823/1-medium-MNqZnzNlqA.webp", "large": "https://rema-product-images.digital.rema1000.dk/90823/1-large-MNqZnzNlqA.webp"}], "prices": [{"price": 15, "price_over_max_quantity": null, "max_quantity": null, "is_advertised": true, "is_campaign": false, "starting_at": "2025-08-17T00:00:00+00:00", "ending_at": "2025-10-15T00:00:00+00:00", "deposit": null, "compare_unit": "kg", "compare_unit_price": 75, "consumption_unit": null, "consumption_quantity": null}], "temperature_zone": null, "is_self_scale_item": false, "is_weight_item": false, "is_available_in_all_stores": true, "is_batch_item": true}
{"id": 90849, "name": "BAGE HVEDEMEL", "underline": "2 KG. / REMA 1000", "age_limit": null, "hazard_precaution_statements": [], "labels": [{"id": 2, "name": "REMA1000", "image": "https://static-assets.digital.rema1000.dk/product/labels/2-64.webp"}, {"id": 70, "name": "Dansk", "image": "https://static-assets.digital.rema1000.dk/product/labels/70-64.webp"}], "description": null, "info": "", "images": [{"small": "https://rema-product-images.digital.rema1000.dk/90849/1-small-xQq8gY5JoZ.webp", "medium": "https://rema-product-images.digital.rema1000.dk/90849/1-medium-xQq8gY5JoZ.webp", "large": "https://rema-product-images.digital.rema1000.dk/90849/1-large-xQq8gY5JoZ.webp"}], "prices": [{"price": 16.95, "price_over_max_quantity": null, "max_quantity": null, "is_advertised": false, "is_campaign": false, "starting_at": "2022-11-17T00:00:00+00:00", "ending_at": "2099-12-31T00:00:00+00:00", "deposit": null, "compare_unit": "kg", "compare_unit_price": 8.48, "consumption_unit": null, "consumption_quantity": null}], "temperature_zone": null, "is_self_scale_item": false, "is_weight_item": false, "is_available_in_all_stores": true, "is_batch_item": false}
{"id": 90909, "name": "KARRY PULVER", "underline": "90 GR. / REMA 1000", "age_limit": null, "hazard_precaution_statements": [], "labels": [{"id": 2, "name": "REMA1000", "image": "https://static-assets.digital.rema1000.dk/product/labels/2-64.webp"}], "description": null, "info": "", "images": [{"small": "https://rema-product-images.digital.rema1000.dk/90909/1-small-aboK8Megqp.webp", "medium": "https://rema-product-images.digital.rema1000.dk/90909/1-medium-aboK8Megqp.webp", "large": "https://rema-product-images.digital.rema1000.dk/90909/1-large-aboK8Megqp.webp"}], "prices": [{"price": 5.95, "price_over_max_quantity": null, "max_quantity": null, "is_advertised": false, "is_campaign": false, "starting_at": "2022-10-06T00:00:00+00:00", "ending_at": "2099-12-31T00:00:00+00:00", "deposit": null, "compare_unit": "kg", "compare_unit_price": 66.11, "consumption_unit": null, "consumption_quantity": null}], "temperature_zone": null, "is_self_scale_item": false, "is_weight_item": false, "is_available_in_all_stores": true, "is_batch_item": false}
{"id": 90910, "name": "STØDT CHILI", "underline": "70 GR. / REMA 1000", "age_limit": null, "hazard_precaution_statements": [], "labels": [{"id": 2, "name": "REMA1000", "image": "https://static-assets.digital.rema1000.dk/product/labels/2-64.webp"}], "description": null, "info": "", "images": [{"small": "https://rema-product-images.digital.rema1000.dk/90910/1-small-Al90W3kDq8.webp", "medium": "https://rema-product-images.digital.rema1000.dk/90910/1-medium-Al90W3kDq8.webp", "large": "https://rema-product-images.digital.rema1000.dk/90910/1-large-Al90W3kDq8.webp"}], "prices": [{"price": 7.95, "price_over_max_quantity": null, "max_quantity": null, "is_advertised": false, "is_campaign": false, "starting_at": "2025-06-19T00:00:00+00:00", "ending_at": "2099-12-31T00:00:00+00:00", "deposit": null, "compare_unit": "kg", "compare_unit_price": 113.57, "consumption_unit": null, "consumption_quantity": null}], "temperature_zone": null, "is_self_scale_item": false, "is_weight_item": false, "is_available_in_all_stores": true, "is_batch_item": false}
{"id": 90912, "name": "HEL MUSKATNØD", "underline": "14 GR. / REMA 1000", "age_limit": null, "hazard_precaution_statements": [], "labels": [{"id": 2, "name": "REMA1000", "image": "https://static-assets.digital.rema1000.dk/product/labels/2-64.webp"}], "description": null, "info": "", "images": [{"small": "https://rema-product-images.digital.rema1000.dk/90912/1-small-18oXzwjJ9k.webp", "medium": "https://rema-product-images.digital.rema1000.dk/90912/1-medium-18oXzwjJ9k.webp", "large": "https://rema-product-images.digital.rema1000.dk/90912/1-large-18oXzwjJ9k.webp"}], "prices": [{"price": 10.95, "price_over_max_quantity": null, "max_quantity": null, "is_advertised": false, "is_campaign": false, "starting_at": "2025-06-19T00:00:00+00:00", "ending_at": "2099-12-31T00:00:00+00:00", "deposit": null, "compare_unit": "kg", "compare_unit_price": 782.14, "consumption_unit": null, "consumption_quantity": null}], "temperature_zone": null, "is_self_scale_item": false, "is_weight_item": false, "is_available_in_all_stores": true, "is_batch_item": false}
{"id": 90924, "name": "HELE SORTE PEBERKORN", "underline": "100 GR. / REMA 1000", "age_limit": null, "hazard_precaution_statements": [], "labels": [{"id": 2, "name": "REMA1000", "image": "https://static-assets.digital.rema1000.dk/product/labels/2-64.webp"}], "description": null, "info": "", "images": [{"small": "https://rema-product-images.digital.rema1000.dk/90924/1-small-vXodjRMx93.webp", "medium": "https://rema-product-images.digital.rema1000.dk/90924/1-medium-vXodjRMx93.webp", "large": "https://rema-product-images.digital.rema1000.dk/90924/1-large-vXodjRMx93.webp"}], "prices": [{"price": 8.95, "price_over_max_quantity": null, "max_quantity": null, "is_advertised": false, "is_campaign": false, "starting_at": "2019-11-14T00:00:00+00:00", "ending_at": "2099-12-31T00:00:00+00:00", "deposit": null, "compare_unit": "kg", "compare_unit_price": 89.5, "consumption_unit": null, "consumption_quantity": null}], "temperature_zone": null, "is_self_scale_item": false, "is_weight_item": false, "is_available_in_all_stores": true, "is_batch_item": false}
{"id": 90926, "name": "BASILIKUM", "underline": "25 GR. / REMA 1000", "age_limit": null, "hazard_precaution_statements": [], "labels": [{"id": 2, "name": "REMA1000", "image": "https://static-assets.digital.rema1000.dk/product/labels/2-64.webp"}], "description": null, "info": "", "images": [{"small": "https://rema-product-images.digital.rema1000.dk/90926/1-small-kOq3b3NVo6.webp", "medium": "https://rema-product-images.digital.rema1000.dk/90926/1-medium-kOq3b3NVo6.webp", "large": "https://rema-product-images.digital.rema1000.dk/90926/1-large-kOq3b3NVo6.webp"}], "prices": [{"price": 4.95, "price_over_max_quantity": null, "max_quantity": null, "is_advertised": false, "is_campaign": false, "starting_at": "2019-06-27T00:00:00+00:00", "ending_at": "2099-12-31T00:00:00+00:00", "deposit": null, "compare_unit": "kg", "compare_unit_price": 198, "consumption_unit": null, "consumption_quantity": null}], "temperature_zone": null, "is_self_scale_item": false, "is_weight_item": false, "is_available_in_all_stores": true, "is_batch_item": false}
{"id": 90928, "name": "LAURBÆRBLADE", "underline": "7.5 GR. / REMA 1000", "age_limit": null, "hazard_precaution_statements": [], "labels": [{"id": 2, "name": "REMA1000", "image": "https://static-assets.digital.rema1000.dk/product/labels/2-64.webp"}], "description": null, "info": "", "images": [{"small": "https://rema-product-images.digital.rema1000.dk/90928/1-small-xyqaj4wE9D.webp", "medium": "https://rema-product-images.digital.rema1000.dk/90928/1-medium-xyqaj4wE9D.webp", "large": "https://rema-product-images.digital.rema1000.dk/90928/1-large-xyqaj4wE9D.webp"}], "prices": [{"price": 3.75, "price_over_max_quantity": null, "max_quantity": null, "is_advertised": false, "is_campaign": false, "starting_at": "2019-07-22T00:00:00+00:00", "ending_at": "2099-12-31T00:00:00+00:00", "deposit": null, "compare_unit": "kg", "compare_unit_price": 500, "consumption_unit": null, "consumption_quantity": null}], "temperature_zone": null, "is_self_scale_item": false, "is_weight_item": false, "is_available_in_all_stores": true, "is_batch_item": false}
{"id": 90929, "name": "SORT PEBER", "underline": "50 GR. / REMA 1000", "age_limit": null, "hazard_precaution_statements": [], "labels": [{"id": 2, "name": "REMA1000", "image": "https://static-assets.digital.rema1000.dk/product/labels/2-64.webp"}], "description": null, "info": "", "images": [{"small": "https://rema-product-images.digital.rema1000.dk/90929/1-small-pYqxn3ZpP1.webp", "medium": "https://rema-product-images.digital.rema1000.dk/90929/1-medium-pYqxn3ZpP1.webp", "large": "https://rema-product-images.digital.rema1000.dk/90929/1-large-pYqxn3ZpP1.webp"}], "prices": [{"price": 9.95, "price_over_max_quantity": null, "max_quantity": null, "is_advertised": false, "is_campaign": false, "starting_at": "2025-06-19T00:00:00+00:00", "ending_at": "2099-12-31T00:00:00+00:00", "deposit": null, "compare_unit": "kg", "compare_unit_price": 199, "consumption_unit": null, "consumption_quantity": null}], "temperature_zone": null, "is_self_scale_item": false, "is_weight_item": false, "is_available_in_all_stores": true, "is_batch_item": false}
{"id": 90930, "name": "STØDT SORT PEBER", "underline": "100 GR. / REMA 1000", "age_limit": null, "hazard_precaution_statements": [], "labels": [{"id": 2, "name": "REMA1000", "image": "https://static-assets.digital.rema1000.dk/product/labels/2-64.webp"}], "description": null, "info": "", "images": [{"small": "https://rema-product-images.digital.rema1000.dk/90930/1-small-869D76bEqM.webp", "medium": "https://rema-product-images.digital.rema1000.dk/90930/1-medium-869D76bEqM.webp", "large": "https://rema-product-images.digital.rema1000.dk/90930/1-large-869D76bEqM.webp"}], "prices": [{"price": 5.45, "price_over_max_quantity": null, "max_quantity": null, "is_advertised": false, "is_campaign": false, "starting_at": "2023-11-09T00:00:00+00:00", "ending_at": "2099-12-31T00:00:00+00:00", "deposit": null, "compare_unit": "kg", "compare_unit_price": 54.5, "consumption_unit": null, "consumption_quantity": null}], "temperature_zone": null, "is_self_scale_item": false, "is_weight_item": false, "is_available_in_all_stores": true, "is_batch_item": false}
{"id": 90948, "name": "BIRTHDAY KRYMMEL", "underline": "82 GR. / DR.OETKER", "age_limit": null, "hazard_precaution_statements": [], "labels": [], "description": null, "info": "", "images": [{"small": "https://rema-product-images.digital.rema1000.dk/90948/1-small-OJq52aez9p.webp", "medium": "https://rema-product-images.digital.rema1000.dk/90948/1-medium-OJq52aez9p.webp", "large": "https://rema-product-images.digital.rema1000.dk/90948/1-large-OJq52aez9p.webp"}], "prices": [{"price": 19.95, "price_over_max_quantity": null, "max_quantity": null, "is_advertised": false, "is_campaign": false, "starting_at": "2019-11-27T00:00:00+00:00", "ending_at": "2099-12-31T00:00:00+00:00", "deposit": null, "compare_unit": "kg", "compare_unit_price": 243.29, "consumption_unit": null, "consumption_quantity": null}], "temperature_zone": null, "is_self_scale_item": false, "is_weight_item": false, "is_available_in_all_stores": true, "is_batch_item": false}
{"id": 90957, "name": "KOKOSMEL", "underline": "200 GR. / REMA 1000", "age_limit": null, "hazard_precaution_statements": [], "labels": [{"id": 2, "name": "REMA1000", "image": "https://static-assets.digital.rema1000.dk/product/labels/2-64.webp"}], "description": null, "info": "", "images": [{"small": "https://rema-product-images.digital.rema1000.dk/90957/1-small-wyPbj0dQPE.webp", "medium": "https://rema-product-images.digital.rema1000.dk/90957/1-medium-wyPbj0dQPE.webp", "large": "https://rema-product-images.digital.rema1000.dk/90957/1-large-wyPbj0dQPE.webp"}], "prices": [{"price": 14.95, "price_over_max_quantity": null, "max_quantity": null, "is_advertised": false, "is_campaign": false, "starting_at": "2025-06-19T00:00:00+00:00", "ending_at": "2099-12-31T00:00:00+00:00", "deposit": null, "compare_unit": "kg", "compare_unit_price": 74.75, "consumption_unit": null, "consumption_quantity": null}], "temperature_zone": null, "is_self_scale_item": false, "is_weight_item": false, "is_available_in_all_stores": true, "is_batch_item": false}
{"id": 90960, "name": "VALNØDDEKERNER", "underline": "100 GR. / REMA 1000", "age_limit": null, "hazard_precaution_statements": [], "labels": [{"id": 2, "name": "REMA1000", "image": "https://static-assets.digital.rema1000.dk/product/labels/2-64.webp"}, {"id": 40, "name": "Nøglehul", "image": "https://static-assets.digital.rema1000.dk/product/labels/40-64.webp"}], "description": null, "info": "", "images": [{"small": "https://rema-product-images.digital.rema1000.dk/90960/1-small-6xqAzxBR9D.webp", "medium": "https://rema-product-images.digital.rema1000.dk/90960/1-medium-6xqAzxBR9D.webp", "large": "https://rema-product-images.digital.rema1000.dk/90960/1-large-6xqAzxBR9D.webp"}], "prices": [{"price": 14.25, "price_over_max_quantity": null, "max_quantity": null, "is_advertised": false, "is_campaign": false, "starting_at": "2025-03-13T00:00:00+00:00", "ending_at": "2099-12-31T00:00:00+00:00", "deposit": null, "compare_unit": "kg", "compare_unit_price": 142.5, "consumption_unit": null, "consumption_quantity": null}], "temperature_zone": null, "is_self_scale_item": false, "is_weight_item": false, "is_available_in_all_stores": true, "is_batch_item": false}
{"id": 90967, "name": "MANDELSPLITTER", "underline": "40 GR. / REMA 1000", "age_limit": null, "hazard_precaution_statements": [], "labels": [{"id": 2, "name": "REMA1000", "image": "https://static-assets.digital.rema1000.dk/product/labels/2-64.webp"}, {"id": 40, "name": "Nøglehul", "image": "https://static-assets.digital.rema1000.dk/product/labels/40-64.webp"}], "description": null, "info": "", "images": [{"small": "https://rema-product-images.digital.rema1000.dk/90967/1-small-MNqZnz73qA.webp", "medium": "https://rema-product-images.digital.rema1000.dk/90967/1-medium-MNqZnz73qA.webp", "large": "https://rema-product-images.digital.rema1000.dk/90967/1-large-MNqZnz73qA.webp"}], "prices": [{"price": 7.95, "price_over_max_quantity": null, "max_quantity": null, "is_advertised": false, "is_campaign": false, "starting_at": "2022-10-06T00:00:00+00:00", "ending_at": "2099-12-31T00:00:00+00:00", "deposit": null, "compare_unit": "kg", "compare_unit_price": 198.75, "consumption_unit": null, "consumption_quantity": null}], "temperature_zone": null, "is_self_scale_item": false, "is_weight_item": false, "is_available_in_all_stores": false, "is_batch_item": false}
{"id": 90969, "name": "HASSELNØDDEFLAGER", "underline": "40 GR. / REMA 1000", "age_limit": null, "hazard_precaution_statements": [], "labels": [{"id": 2, "name": "REMA1000", "image": "https://static-assets.digital.rema1000.dk/product/labels/2-64.webp"}, {"id": 40, "name": "Nøglehul", "image": "https://static-assets.digital.rema1000.dk/product/labels/40-64.webp"}], "description": null, "info": "", "images": [{"small": "https://rema-product-images.digital.rema1000.dk/90969/1-small-Ea91ZkX4Pz.webp", "medium": "https://rema-product-images.digital.rema1000.dk/90969/1-medium-Ea91ZkX4Pz.webp", "large": "https://rema-product-images.digital.rema1000.dk/90969/1-large-Ea91ZkX4Pz.webp"}], "prices": [{"price": 8.5, "price_over_max_quantity": null, "max_quantity": null, "is_advertised": false, "is_campaign": false, "starting_at": "2024-10-03T00:00:00+00:00", "ending_at": "2025-11-14T00:00:00+00:00", "deposit": null, "compare_unit": "kg", "compare_unit_price": 212.5, "consumption_unit": null, "consumption_quantity": null}], "temperature_zone": null, "is_self_scale_item": false, "is_weight_item": false, "is_available_in_all_stores": true, "is_batch_item": false}
{"id": 90970, "name": "HASSELNØDDEKERNER", "underline": "100 GR. / REMA 1000", "age_limit": null, "hazard_precaution_statements": [], "labels": [{"id": 2, "name": "REMA1000", "image": "https://static-assets.digital.rema1000.dk/product/labels/2-64.webp"}, {"id": 40, "name": "Nøglehul", "image": "https://static-assets.digital.rema1000.dk/product/labels/40-64.webp"}], "description": null, "info": "", "images": [{"small": "https://rema-product-images.digital.rema1000.dk/90970/1-small-kOq3b3AVo6.webp", "medium": "https://rema-product-images.digital.rema1000.dk/90970/1-medium-kOq3b3AVo6.webp", "large": "https://rema-product-images.digital.rema1000.dk/90970/1-large-kOq3b3AVo6.webp"}], "prices": [{"price": 12, "price_over_max_quantity": null, "max_quantity": null, "is_advertised": false, "is_campaign": false, "starting_at": "2022-10-06T00:00:00+00:00", "ending_at": "2099-12-31T00:00:00+00:00", "deposit": null, "compare_unit": "kg", "compare_unit_price": 120, "consumption_unit": null, "consumption_quantity": null}], "temperature_zone": null, "is_self_scale_item": false, "is_weight_item": false, "is_available_in_all_stores": true, "is_batch_item": false}
{"id": 90989, "name": "NATRON", "underline": "140 GR. / REMA 1000", "age_limit": null, "hazard_precaution_statements": [], "labels": [{"id": 2, "name": "REMA1000", "image": "https://static-assets.digital.rema1000.dk/product/labels/2-64.webp"}], "description": null, "info": "", "images": [{"small": "https://rema-product-images.digital.rema1000.dk/90989/1-small-ElPB16MW9k.webp", "medium": "https://rema-product-images.digital.rema1000.dk/90989/1-medium-ElPB16MW9k.webp", "large": "https://rema-product-images.digital.rema1000.dk/90989/1-large-ElPB16MW9k.webp"}], "prices": [{"price": 4.4, "price_over_max_quantity": null, "max_quantity": null, "is_advertised": false, "is_campaign": false, "starting_at": "2024-01-11T00:00:00+00:00", "ending_at": "2099-12-31T00:00:00+00:00", "deposit": null, "compare_unit": "kg", "compare_unit_price": 31.43, "consumption_unit": null, "consumption_quantity": null}], "temperature_zone": null, "is_self_scale_item": false, "is_weight_item": false, "is_available_in_all_stores": true, "is_batch_item": false}
{"id": 91000, "name": "RUGMEL", "underline": "1 KG. / REMA 1000", "age_limit": null, "hazard_precaution_statements": [], "labels": [{"id": 2, "name": "REMA1000", "image": "https://static-assets.digital.rema1000.dk/product/labels/2-64.webp"}, {"id": 40, "name": "Nøglehul", "image": "https://static-assets.digital.rema1000.dk/product/labels/40-64.webp"}, {"id": 43, "name": "Fuldkorn", "image": "https://static-assets.digital.rema1000.dk/product/labels/43-64.webp"}, {"id": 70, "name": "Dansk", "image": "https://static-assets.digital.rema1000.dk/product/labels/70-64.webp"}], "description": null, "info": "", "images": [{"small": "https://rema-product-images.digital.rema1000.dk/91000/1-small-xePwyR7Jqw.webp", "medium": "https://rema-product-images.digital.rema1000.dk/91000/1-medium-xePwyR7Jqw.webp", "large": "https://rema-product-images.digital.rema1000.dk/91000/1-large-xePwyR7Jqw.webp"}], "prices": [{"price": 10.95, "price_over_max_quantity": null, "max_quantity": null, "is_advertised": false, "is_campaign": false, "starting_at": "2024-01-11T00:00:00+00:00", "ending_at": "2099-12-31T00:00:00+00:00", "deposit": null, "compare_unit": "kg", "compare_unit_price": 10.95, "consumption_unit": null, "consumption_quantity": null}], "temperature_zone": null, "is_self_scale_item": false, "is_weight_item": false, "is_available_in_all_stores": true, "is_batch_item": false}
{"id": 91005, "name": "KARTOFFELMEL", "underline": "500 GR. /", "age_limit": null, "hazard_precaution_statements": [], "labels": [{"id": 70, "name": "Dansk", "image": "https://static-assets.digital.rema1000.dk/product/labels/70-64.webp"}], "description": null, "info": "", "images": [{"small": "https://rema-product-images.digital.rema1000.dk/91005/1-small-xQq8gVvdoZ.webp", "medium": "https://rema-product-images.digital.rema1000.dk/91005/1-medium-xQq8gVvdoZ.webp", "large": "https://rema-product-images.digital.rema1000.dk/91005/1-large-xQq8gVvdoZ.webp"}], "prices": [{"price": 7.95, "price_over_max_quantity": null, "max_quantity": null, "is_advertised": false, "is_campaign": false, "starting_at": "2025-01-09T00:00:00+00:00", "ending_at": "2099-12-31T00:00:00+00:00", "deposit": null, "compare_unit": "kg", "compare_unit_price": 15.9, "consumption_unit": null, "consumption_quantity": null}], "temperature_zone": null, "is_self_scale_item": false, "is_weight_item": false, "is_available_in_all_stores": true, "is_batch_item": false}
{"id": 91052, "name": "HVERDAG BRUNCHBOLLER", "underline": "750 GR. / VALSEMØLLEN", "age_limit": null, "hazard_precaution_statements": [], "labels": [], "description": null, "info": "", "images": [{"small": "https://rema-product-images.digital.rema1000.dk/91052/1-small-NpP7kbkvPO.webp", "medium": "https://rema-product-images.digital.rema1000.dk/91052/1-medium-NpP7kbkvPO.webp", "large": "https://rema-product-images.digital.rema1000.dk/91052/1-large-NpP7kbkvPO.webp"}], "prices": [{"price": 15, "price_over_max_quantity": null, "max_quantity": null, "is_advertised": false, "is_campaign": false, "starting_at": "2023-02-28T00:00:00+00:00", "ending_at": "2099-12-31T00:00:00+00:00", "deposit": null, "compare_unit": "kg", "compare_unit_price": 20, "consumption_unit": null, "consumption_quantity": null}], "temperature_zone": null, "is_self_scale_item": false, "is_weight_item": false, "is_available_in_all_stores": true, "is_batch_item": false}
{"id": 91075, "name": "MANDELMEL", "underline": "150 GR. / REMA 1000", "age_limit": null, "hazard_precaution_statements": [], "labels": [{"id": 2, "name": "REMA1000", "image": "https://static-assets.digital.rema1000.dk/product/labels/2-64.webp"}], "description": null, "info": "", "images": [{"small": "https://rema-product-images.digital.rema1000.dk/91075/1-small-01q2383e97.webp", "medium": "https://rema-product-images.digital.rema1000.dk/91075/1-medium-01q2383e97.webp", "large": "https://rema-product-images.digital.rema1000.dk/91075/1-large-01q2383e97.webp"}], "prices": [{"price": 19.95, "price_over_max_quantity": null, "max_quantity": null, "is_advertised": false, "is_campaign": false, "starting_at": "2023-05-10T00:00:00+00:00", "ending_at": "2099-12-31T00:00:00+00:00", "deposit": null, "compare_unit": "kg", "compare_unit_price": 133, "consumption_unit": null, "consumption_quantity": null}], "temperature_zone": null, "is_self_scale_item": false, "is_weight_item": false, "is_available_in_all_stores": true, "is_batch_item": false}
{"id": 91076, "name": "NUDLER KYLLING OG CHILI", "underline": "65 GR. / REMA 1000", "age_limit": null, "hazard_precaution_statements": [], "labels": [{"id": 2, "name": "REMA1000", "image": "https://static-assets.digital.rema1000.dk/product/labels/2-64.webp"}], "description": null, "info": "", "images": [{"small": "https://rema-product-images.digital.rema1000.dk/91076/1-small-nDPWJaJk9W.webp", "medium": "https://rema-product-images.digital.rema1000.dk/91076/1-medium-nDPWJaJk9W.webp", "large": "https://rema-product-images.digital.rema1000.dk/91076/1-large-nDPWJaJk9W.webp"}], "prices": [{"price": 5.75, "price_over_max_quantity": null, "max_quantity": null, "is_advertised": false, "is_campaign": false, "starting_at": "2024-07-18T00:00:00+00:00", "ending_at": "2025-09-06T00:00:00+00:00", "deposit": null, "compare_unit": "kg", "compare_unit_price": 88.46, "consumption_unit": null, "consumption_quantity": null}], "temperature_zone": null, "is_self_scale_item": false, "is_weight_item": false, "is_available_in_all_stores": true, "is_batch_item": false}
{"id": 91095, "name": "ØKOLOGISK DANSK SUKKER", "underline": "1 KG. / REMA 1000", "age_limit": null, "hazard_precaution_statements": [], "labels": [{"id": 2, "name": "REMA1000", "image": "https://static-assets.digital.rema1000.dk/product/labels/2-64.webp"}, {"id": 5, "name": "Økologi", "image": "https://static-assets.digital.rema1000.dk/product/labels/5-64.webp"}, {"id": 6, "name": "Økologi", "image": "https://static-assets.digital.rema1000.dk/product/labels/6-64.webp"}], "description": null, "info": "", "images": [{"small": "https://rema-product-images.digital.rema1000.dk/91095/1-small-v09gyjQEoA.webp", "medium": "https://rema-product-images.digital.rema1000.dk/91095/1-medium-v09gyjQEoA.webp", "large": "https://rema-product-images.digital.rema1000.dk/91095/1-large-v09gyjQEoA.webp"}], "prices": [{"price": 20.25, "price_over_max_quantity": null, "max_quantity": null, "is_advertised": false, "is_campaign": false, "starting_at": "2025-01-02T00:00:00+00:00", "ending_at": "2099-12-31T00:00:00+00:00", "deposit": null, "compare_unit": "kg", "compare_unit_price": 20.25, "consumption_unit": null, "consumption_quantity": null}], "temperature_zone": null, "is_self_scale_item": false, "is_weight_item": false, "is_available_in_all_stores": true, "is_batch_item": false}
{"id": 91106, "name": "SYLTE SUKKER", "underline": "1 KG. / DANSUKKER", "age_limit": null, "hazard_precaution_statements": [], "labels": [], "description": null, "info": "", "images": [{"small": "https://rema-product-images.digital.rema1000.dk/91106/1-small-vVoryEQvP3.webp", "medium": "https://rema-product-images.digital.rema1000.dk/91106/1-medium-vVoryEQvP3.webp", "large": "https://rema-product-images.digital.rema1000.dk/91106/1-large-vVoryEQvP3.webp"}], "prices": [{"price": 22.95, "price_over_max_quantity": null, "max_quantity": null, "is_advertised": false, "is_campaign": false, "starting_at": "2025-01-02T00:00:00+00:00", "ending_at": "2099-12-31T00:00:00+00:00", "deposit": null, "compare_unit": "kg", "compare_unit_price": 22.95, "consumption_unit": null, "consumption_quantity": null}], "temperature_zone": null, "is_self_scale_item": false, "is_weight_item": false, "is_available_in_all_stores": true, "is_batch_item": false}
{"id": 91110, "name": "ØKOLOGISKE BASMATI RIS", "underline": "1 KG. / REMA 1000", "age_limit": null, "hazard_precaution_statements": [], "labels": [{"id": 2, "name": "REMA1000", "image": "https://static-assets.digital.rema1000.dk/product/labels/2-64.webp"}, {"id": 5, "name": "Økologi", "image": "https://static-assets.digital.rema1000.dk/product/labels/5-64.webp"}, {"id": 6, "name": "Økologi", "image": "https://static-assets.digital.rema1000.dk/product/labels/6-64.webp"}], "description": null, "info": "", "images": [{"small": "https://rema-product-images.digital.rema1000.dk/91110/1-small-Al90Wj3Rq8.webp", "medium": "https://rema-product-images.digital.rema1000.dk/91110/1-medium-Al90Wj3Rq8.webp", "large": "https://rema-product-images.digital.rema1000.dk/91110/1-large-Al90Wj3Rq8.webp"}], "prices": [{"price": 23.95, "price_over_max_quantity": null, "max_quantity": null, "is_advertised": false, "is_campaign": false, "starting_at": "2024-07-18T00:00:00+00:00", "ending_at": "2099-12-31T00:00:00+00:00", "deposit": null, "compare_unit": "kg", "compare_unit_price": 23.95, "consumption_unit": null, "consumption_quantity": null}], "temperature_zone": null, "is_self_scale_item": false, "is_weight_item": false, "is_available_in_all_stores": true, "is_batch_item": false}
{"id": 91115, "name": "BRUNE FULDKORNSRIS", "underline": "1 KG. / REMA 1000", "age_limit": null, "hazard_precaution_statements": [], "labels": [{"id": 2, "name": "REMA1000", "image": "https://static-assets.digital.rema1000.dk/product/labels/2-64.webp"}, {"id": 5, "name": "Økologi", "image": "https://static-assets.digital.rema1000.dk/product/labels/5-64.webp"}, {"id": 6, "name": "Økologi", "image": "https://static-assets.digital.rema1000.dk/product/labels/6-64.webp"}, {"id": 40, "name": "Nøglehul", "image": "https://static-assets.digital.rema1000.dk/product/labels/40-64.webp"}, {"id": 43, "name": "Fuldkorn", "image": "https://static-assets.digital.rema1000.dk/product/labels/43-64.webp"}], "description": null, "info": "", "images": [{"small": "https://rema-product-images.digital.rema1000.dk/91115/1-small-KpqRrXjdqL.webp", "medium": "https://rema-product-images.digital.rema1000.dk/91115/1-medium-KpqRrXjdqL.webp", "large": "https://rema-product-images.digital.rema1000.dk/91115/1-large-KpqRrXjdqL.webp"}], "prices": [{"price": 16.5, "price_over_max_quantity": null, "max_quantity": null, "is_advertised": false, "is_campaign": false, "starting_at": "2024-07-18T00:00:00+00:00", "ending_at": "2099-12-31T00:00:00+00:00", "deposit": null, "compare_unit": "kg", "compare_unit_price": 16.5, "consumption_unit": null, "consumption_quantity": null}], "temperature_zone": null, "is_self_scale_item": false, "is_weight_item": false, "is_available_in_all_stores": true, "is_batch_item": false}
{"id": 91120, "name": "BRUN FARIN", "underline": "500 GR. / DAN SUKKER", "age_limit": null, "hazard_precaution_statements": [], "labels": [], "description": null, "info": "", "images": [{"small": "https://rema-product-images.digital.rema1000.dk/91120/1-small-AKqebxLK9p.webp", "medium": "https://rema-product-images.digital.rema1000.dk/91120/1-medium-AKqebxLK9p.webp", "large": "https://rema-product-images.digital.rema1000.dk/91120/1-large-AKqebxLK9p.webp"}], "prices": [{"price": 13.5, "price_over_max_quantity": null, "max_quantity": null, "is_advertised": false, "is_campaign": false, "starting_at": "2025-01-02T00:00:00+00:00", "ending_at": "2099-12-31T00:00:00+00:00", "deposit": null, "compare_unit": "kg", "compare_unit_price": 27, "consumption_unit": null, "consumption_quantity": null}], "temperature_zone": null, "is_self_scale_item": false, "is_weight_item": false, "is_available_in_all_stores": true, "is_batch_item": false}
{"id": 91130, "name": "HUGGET SUKKER", "underline": "500 GR. / DANSUKKER", "age_limit": null, "hazard_precaution_statements": [], "labels": [], "description": null, "info": "", "images": [{"small": "https://rema-product-images.digital.rema1000.dk/91130/1-small-869D7xxBqM.webp", "medium": "https://rema-product-images.digital.rema1000.dk/91130/1-medium-869D7xxBqM.webp", "large": "https://rema-product-images.digital.rema1000.dk/91130/1-large-869D7xxBqM.webp"}], "prices": [{"price": 13.5, "price_over_max_quantity": null, "max_quantity": null, "is_advertised": false, "is_campaign": false, "starting_at": "2025-01-02T00:00:00+00:00", "ending_at": "2099-12-31T00:00:00+00:00", "deposit": null, "compare_unit": "kg", "compare_unit_price": 27, "consumption_unit": null, "consumption_quantity": null}], "temperature_zone": null, "is_self_scale_item": false, "is_weight_item": false, "is_available_in_all_stores": true, "is_batch_item": false}
{"id": 91135, "name": "FLORMELIS", "underline": "500 GR. / DANSUKKER", "age_limit": null, "hazard_precaution_statements": [], "labels": [{"id": 70, "name": "Dansk", "image": "https://static-assets.digital.rema1000.dk/product/labels/70-64.webp"}], "description": null, "info": "", "images": [{"small": "https://rema-product-images.digital.rema1000.dk/91135/1-small-Gb9kMwwEo7.webp", "medium": "https://rema-product-images.digital.rema1000.dk/91135/1-medium-Gb9kMwwEo7.webp", "large": "https://rema-product-images.digital.rema1000.dk/91135/1-large-Gb9kMwwEo7.webp"}], "prices": [{"price": 10.5, "price_over_max_quantity": null, "max_quantity": null, "is_advertised": false, "is_campaign": false, "starting_at": "2025-01-02T00:00:00+00:00", "ending_at": "2099-12-31T00:00:00+00:00", "deposit": null, "compare_unit": "kg", "compare_unit_price": 21, "consumption_unit": null, "consumption_quantity": null}], "temperature_zone": null, "is_self_scale_item": false, "is_weight_item": false, "is_available_in_all_stores": true, "is_batch_item": false}
{"id": 91171, "name": "PANDEKAGE OG VAFFEL MIX", "underline": "300 GR. / REMA 1000", "age_limit": null, "hazard_precaution_statements": [], "labels": [{"id": 2, "name": "REMA1000", "image": "https://static-assets.digital.rema1000.dk/product/labels/2-64.webp"}], "description": null, "info": "", "images": [{"small": "https://rema-product-images.digital.rema1000.dk/91171/1-small-OW9OVRXRqg.webp", "medium": "https://rema-product-images.digital.rema1000.dk/91171/1-medium-OW9OVRXRqg.webp", "large": "https://rema-product-images.digital.rema1000.dk/91171/1-large-OW9OVRXRqg.webp"}], "prices": [{"price": 10, "price_over_max_quantity": null, "max_quantity": null, "is_advertised": false, "is_campaign": false, "starting_at": "2023-10-17T00:00:00+00:00", "ending_at": "2099-12-31T00:00:00+00:00", "deposit": null, "compare_unit": "kg", "compare_unit_price": 33.33, "consumption_unit": null, "consumption_quantity": null}], "temperature_zone": null, "is_self_scale_item": false, "is_weight_item": false, "is_available_in_all_stores": true, "is_batch_item": false}
{"id": 91202, "name": "VINAIGRETTE PULVER", "underline": "10 GR. / NEMT & GRØNT", "age_limit": null, "hazard_precaution_statements": [], "labels": [], "description": null, "info": "", "images": [{"small": "https://rema-product-images.digital.rema1000.dk/91202/1-small-kAonl2ra9x.webp", "medium": "https://rema-product-images.digital.rema1000.dk/91202/1-medium-kAonl2ra9x.webp", "large": "https://rema-product-images.digital.rema1000.dk/91202/1-large-kAonl2ra9x.webp"}], "prices": [{"price": 5, "price_over_max_quantity": null, "max_quantity": null, "is_advertised": false, "is_campaign": false, "starting_at": "2024-03-19T00:00:00+00:00", "ending_at": "2099-12-31T00:00:00+00:00", "deposit": null, "compare_unit": "kg", "compare_unit_price": 500, "consumption_unit": null, "consumption_quantity": null}], "temperature_zone": null, "is_self_scale_item": false, "is_weight_item": false, "is_available_in_all_stores": true, "is_batch_item": false}
{"id": 91217, "name": "GULERODSBOLLER", "underline": "250 GR. / AMO", "age_limit": null, "hazard_precaution_statements": [], "labels": [{"id": 9001, "name": "Avisvare", "image": "https://static-assets.digital.rema1000.dk/product/labels/9001-64.webp"}], "description": null, "info": "", "images": [{"small": "https://rema-product-images.digital.rema1000.dk/91217/1-small-Z8qpl8AAq3.webp", "medium": "https://rema-product-images.digital.rema1000.dk/91217/1-medium-Z8qpl8AAq3.webp", "large": "https://rema-product-images.digital.rema1000.dk/91217/1-large-Z8qpl8AAq3.webp"}], "prices": [{"price": 15, "price_over_max_quantity": null, "max_quantity": null, "is_advertised": true, "is_campaign": false, "starting_at": "2025-08-17T00:00:00+00:00", "ending_at": "2025-11-15T00:00:00+00:00", "deposit": null, "compare_unit": "kg", "compare_unit_price": 60, "consumption_unit": null, "consumption_quantity": null}], "temperature_zone": null, "is_self_scale_item": false, "is_weight_item": false, "is_available_in_all_stores": true, "is_batch_item": true}
{"id": 91247, "name": "BBQ MIX", "underline": "160 GR. / REMA 1000", "age_limit": null, "hazard_precaution_statements": [], "labels": [{"id": 2, "name": "REMA1000", "image": "https://static-assets.digital.rema1000.dk/product/labels/2-64.webp"}], "description": null, "info": "", "images": [{"small": "https://rema-product-images.digital.rema1000.dk/91247/1-small-3MoMVeg6q5.webp", "medium": "https://rema-product-images.digital.rema1000.dk/91247/1-medium-3MoMVeg6q5.webp", "large": "https://rema-product-images.digital.rema1000.dk/91247/1-large-3MoMVeg6q5.webp"}], "prices": [{"price": 20, "price_over_max_quantity": null, "max_quantity": null, "is_advertised": false, "is_campaign": false, "starting_at": "2024-10-04T00:00:00+00:00", "ending_at": "2099-12-31T00:00:00+00:00", "deposit": null, "compare_unit": "kg", "compare_unit_price": 125, "consumption_unit": null, "consumption_quantity": null}], "temperature_zone": null, "is_self_scale_item": false, "is_weight_item": false, "is_available_in_all_stores": true, "is_batch_item": false}
{"id": 91248, "name": "HAVSALT", "underline": "190 GR. / REMA 1000", "age_limit": null, "hazard_precaution_statements": [], "labels": [{"id": 2, "name": "REMA1000", "image": "https://static-assets.digital.rema1000.dk/product/labels/2-64.webp"}], "description": null, "info": "", "images": [{"small": "https://rema-product-images.digital.rema1000.dk/91248/1-small-OJq52j7K9p.webp", "medium": "https://rema-product-images.digital.rema1000.dk/91248/1-medium-OJq52j7K9p.webp", "large": "https://rema-product-images.digital.rema1000.dk/91248/1-large-OJq52j7K9p.webp"}], "prices": [{"price": 20, "price_over_max_quantity": null, "max_quantity": null, "is_advertised": false, "is_campaign": false, "starting_at": "2024-10-04T00:00:00+00:00", "ending_at": "2099-12-31T00:00:00+00:00", "deposit": null, "compare_unit": "kg", "compare_unit_price": 105.26, "consumption_unit": null, "consumption_quantity": null}], "temperature_zone": null, "is_self_scale_item": false, "is_weight_item": false, "is_available_in_all_stores": true, "is_batch_item": false}
{"id": 91249, "name": "HIMALAYA SALT", "underline": "180 GR. / REMA 1000", "age_limit": null, "hazard_precaution_statements": [], "labels": [{"id": 2, "name": "REMA1000", "image": "https://static-assets.digital.rema1000.dk/product/labels/2-64.webp"}], "description": null, "info": "", "images": [{"small": "https://rema-product-images.digital.rema1000.dk/91249/1-small-xQq8gVanoZ.webp", "medium": "https://rema-product-images.digital.rema1000.dk/91249/1-medium-xQq8gVanoZ.webp", "large": "https://rema-product-images.digital.rema1000.dk/91249/1-large-xQq8gVanoZ.webp"}], "prices": [{"price": 20, "price_over_max_quantity": null, "max_quantity": null, "is_advertised": false, "is_campaign": false, "starting_at": "2024-10-04T00:00:00+00:00", "ending_at": "2099-12-31T00:00:00+00:00", "deposit": null, "compare_unit": "kg", "compare_unit_price": 111.11, "consumption_unit": null, "consumption_quantity": null}], "temperature_zone": null, "is_self_scale_item": false, "is_weight_item": false, "is_available_in_all_stores": true, "is_batch_item": false}
{"id": 91251, "name": " PIZZA MIX", "underline": "125 GR. / REMA 1000", "age_limit": null, "hazard_precaution_statements": [], "labels": [{"id": 2, "name": "REMA1000", "image": "https://static-assets.digital.rema1000.dk/product/labels/2-64.webp"}], "description": null, "info": "", "images": [{"small": "https://rema-product-images.digital.rema1000.dk/91251/1-small-v09gyj3moA.webp", "medium": "https://rema-product-images.digital.rema1000.dk/91251/1-medium-v09gyj3moA.webp", "large": "https://rema-product-images.digital.rema1000.dk/91251/1-large-v09gyj3moA.webp"}], "prices": [{"price": 20, "price_over_max_quantity": null, "max_quantity": null, "is_advertised": false, "is_campaign": false, "starting_at": "2024-09-19T00:00:00+00:00", "ending_at": "2099-12-31T00:00:00+00:00", "deposit": null, "compare_unit": "kg", "compare_unit_price": 160, "consumption_unit": null, "consumption_quantity": null}], "temperature_zone": null, "is_self_scale_item": false, "is_weight_item": false, "is_available_in_all_stores": true, "is_batch_item": false}
{"id": 91316, "name": "LYS SIRUP", "underline": "750 GR. / DAN SUKKER", "age_limit": null, "hazard_precaution_statements": [], "labels": [], "description": null, "info": "", "images": [{"small": "https://rema-product-images.digital.rema1000.dk/91316/1-small-6xqAzr379D.webp", "medium": "https://rema-product-images.digital.rema1000.dk/91316/1-medium-6xqAzr379D.webp", "large": "https://rema-product-images.digital.rema1000.dk/91316/1-large-6xqAzr379D.webp"}], "prices": [{"price": 19.95, "price_over_max_quantity": null, "max_quantity": null, "is_advertised": false, "is_campaign": false, "starting_at": "2023-01-05T00:00:00+00:00", "ending_at": "2099-12-31T00:00:00+00:00", "deposit": null, "compare_unit": "kg", "compare_unit_price": 26.6, "consumption_unit": null, "consumption_quantity": null}], "temperature_zone": null, "is_self_scale_item": false, "is_weight_item": false, "is_available_in_all_stores": true, "is_batch_item": false}
{"id": 91371, "name": "KOLDHÆVEDE BOLLER", "underline": "700 GR. / GRAM SLOT", "age_limit": null, "hazard_precaution_statements": [], "labels": [{"id": 5, "name": "Økologi", "image": "https://static-assets.digital.rema1000.dk/product/labels/5-64.webp"}, {"id": 6, "name": "Økologi", "image": "https://static-assets.digital.rema1000.dk/product/labels/6-64.webp"}, {"id": 39, "name": "Gram slot", "image": "https://static-assets.digital.rema1000.dk/product/labels/39-64.webp"}], "description": "<br /> REMA 1000 er medejer af et af Danmarks største økologiske landbrug, Gram Slot, som dagligt leverer bl.a. økologisk mælk, kartofler, mel og havregryn til REMA 1000s butikker. På Gram Slot er dyrevelfærd i højsædet, ligesom Jorden ved Gram Slot dyrkes med stor respekt og omtanke.<br /> <br /> Med denne økologiske melblanding fra korn dyrket af Gram Slot, kan du nemt bage lækre, økologiske boller. Husk også gær.<br /> <br /> Fremgangsmåde:<br /> Rør ingredienserne sammen efter anvisning på emballagen. Kom dejen i en skål med låg og sæt den i køleskabet natten over (min. 7 timer). Efter hævning sættes bollerne på bageplade med bagepapir, og bages efter anvisning på emballagen.<br /> <br /> Tip: Giv bollerne et drys sesamfrø eller andre frø. Du kan også bage brød af dejen. Læs mere på emballagen. <br /> <br />", "info": "", "images": [{"small": "https://rema-product-images.digital.rema1000.dk/91371/1-small-OW9OVRKZqg.webp", "medium": "https://rema-product-images.digital.rema1000.dk/91371/1-medium-OW9OVRKZqg.webp", "large": "https://rema-product-images.digital.rema1000.dk/91371/1-large-OW9OVRKZqg.webp"}], "prices": [{"price": 25.95, "price_over_max_quantity": null, "max_quantity": null, "is_advertised": false, "is_campaign": false, "starting_at": "2025-08-01T00:00:00+00:00", "ending_at": "2099-12-31T00:00:00+00:00", "deposit": null, "compare_unit": "kg", "compare_unit_price": 37.07, "consumption_unit": null, "consumption_quantity": null}], "temperature_zone": null, "is_self_scale_item": false, "is_weight_item": false, "is_available_in_all_stores": true, "is_batch_item": false}
{"id": 91372, "name": "RUGBRØDSBLANDING", "underline": "700 GR. / GRAM SLOT", "age_limit": null, "hazard_precaution_statements": [], "labels": [{"id": 5, "name": "Økologi", "image": "https://static-assets.digital.rema1000.dk/product/labels/5-64.webp"}, {"id": 6, "name": "Økologi", "image": "https://static-assets.digital.rema1000.dk/product/labels/6-64.webp"}, {"id": 39, "name": "Gram slot", "image": "https://static-assets.digital.rema1000.dk/product/labels/39-64.webp"}, {"id": 43, "name": "Fuldkorn", "image": "https://static-assets.digital.rema1000.dk/product/labels/43-64.webp"}], "description": "<br /> REMA 1000 er medejer af et af Danmarks største økologiske landbrug, Gram Slot, som dagligt leverer bl.a. økologisk mælk, kartofler, mel og havregryn til REMA 1000s butikker. På Gram Slot er dyrevelfærd i højsædet, ligesom Jorden ved Gram Slot dyrkes med stor respekt og omtanke.<br /> <br /> Med denne økologiske melblanding fra korn dyrket af Gram Slot, kan du nemt bage lækker, økologisk rugbrød. Husk også gær.<br /> <br /> Fremgangsmåde:<br /> Rør ingredienserne sammen efter anvisning på emballagen. Kom dejen i smurt rugbrødsform og sæt den i køleskabet natten over (min. 7 timer). Efter hævning pensles brødet og bages efter anvisning på emballagen.<br /> <br /> Tip: Kom evt. ½ dl sesamfrø, chiafrø eller andre frø i brødblandingen, eller drys frøene på toppen af brødet før det bages.<br /> <br />", "info": "", "images": [{"small": "https://rema-product-images.digital.rema1000.dk/91372/1-small-xyqajKxV9D.webp", "medium": "https://rema-product-images.digital.rema1000.dk/91372/1-medium-xyqajKxV9D.webp", "large": "https://rema-product-images.digital.rema1000.dk/91372/1-large-xyqajKxV9D.webp"}], "prices": [{"price": 23.95, "price_over_max_quantity": null, "max_quantity": null, "is_advertised": false, "is_campaign": false, "starting_at": "2025-08-01T00:00:00+00:00", "ending_at": "2099-12-31T00:00:00+00:00", "deposit": null, "compare_unit": "kg", "compare_unit_price": 34.21, "consumption_unit": null, "consumption_quantity": null}], "temperature_zone": null, "is_self_scale_item": false, "is_weight_item": false, "is_available_in_all_stores": true, "is_batch_item": false}
{"id": 91389, "name": "CHIAFRØ", "underline": "300 GR. / REMA 1000", "age_limit": null, "hazard_precaution_statements": [], "labels": [{"id": 2, "name": "REMA1000", "image": "https://static-assets.digital.rema1000.dk/product/labels/2-64.webp"}, {"id": 5, "name": "Økologi", "image": "https://static-assets.digital.rema1000.dk/product/labels/5-64.webp"}, {"id": 6, "name": "Økologi", "image": "https://static-assets.digital.rema1000.dk/product/labels/6-64.webp"}], "description": null, "info": "", "images": [{"small": "https://rema-product-images.digital.rema1000.dk/91389/1-small-ElPB1xj19k.webp", "medium": "https://rema-product-images.digital.rema1000.dk/91389/1-medium-ElPB1xj19k.webp", "large": "https://rema-product-images.digital.rema1000.dk/91389/1-large-ElPB1xj19k.webp"}], "prices": [{"price": 19.95, "price_over_max_quantity": null, "max_quantity": null, "is_advertised": false, "is_campaign": false, "starting_at": "2023-11-30T00:00:00+00:00", "ending_at": "2099-12-31T00:00:00+00:00", "deposit": null, "compare_unit": "kg", "compare_unit_price": 66.5, "consumption_unit": null, "consumption_quantity": null}], "temperature_zone": null, "is_self_scale_item": false, "is_weight_item": false, "is_available_in_all_stores": true, "is_batch_item": false}
{"id": 91391, "name": "MAJSGRYN", "underline": "400 GR. / REMA 1000", "age_limit": null, "hazard_precaution_statements": [], "labels": [{"id": 2, "name": "REMA1000", "image": "https://static-assets.digital.rema1000.dk/product/labels/2-64.webp"}, {"id": 5, "name": "Økologi", "image": "https://static-assets.digital.rema1000.dk/product/labels/5-64.webp"}, {"id": 6, "name": "Økologi", "image": "https://static-assets.digital.rema1000.dk/product/labels/6-64.webp"}], "description": null, "info": "", "images": [{"small": "https://rema-product-images.digital.rema1000.dk/91391/1-small-3MoMVeaeq5.webp", "medium": "https://rema-product-images.digital.rema1000.dk/91391/1-medium-3MoMVeaeq5.webp", "large": "https://rema-product-images.digital.rema1000.dk/91391/1-large-3MoMVeaeq5.webp"}], "prices": [{"price": 16.95, "price_over_max_quantity": null, "max_quantity": null, "is_advertised": false, "is_campaign": false, "starting_at": "2023-01-05T00:00:00+00:00", "ending_at": "2025-09-13T00:00:00+00:00", "deposit": null, "compare_unit": "kg", "compare_unit_price": 42.38, "consumption_unit": null, "consumption_quantity": null}], "temperature_zone": null, "is_self_scale_item": false, "is_weight_item": false, "is_available_in_all_stores": false, "is_batch_item": false}
{"id": 91393, "name": "MAJSMEL", "underline": "400 GR. / REMA 1000", "age_limit": null, "hazard_precaution_statements": [], "labels": [{"id": 2, "name": "REMA1000", "image": "https://static-assets.digital.rema1000.dk/product/labels/2-64.webp"}, {"id": 5, "name": "Økologi", "image": "https://static-assets.digital.rema1000.dk/product/labels/5-64.webp"}, {"id": 6, "name": "Økologi", "image": "https://static-assets.digital.rema1000.dk/product/labels/6-64.webp"}], "description": null, "info": "", "images": [{"small": "https://rema-product-images.digital.rema1000.dk/91393/1-small-xQq8gVOaoZ.webp", "medium": "https://rema-product-images.digital.rema1000.dk/91393/1-medium-xQq8gVOaoZ.webp", "large": "https://rema-product-images.digital.rema1000.dk/91393/1-large-xQq8gVOaoZ.webp"}], "prices": [{"price": 14.25, "price_over_max_quantity": null, "max_quantity": null, "is_advertised": false, "is_campaign": false, "starting_at": "2024-01-11T00:00:00+00:00", "ending_at": "2025-09-13T00:00:00+00:00", "deposit": null, "compare_unit": "kg", "compare_unit_price": 35.63, "consumption_unit": null, "consumption_quantity": null}], "temperature_zone": null, "is_self_scale_item": false, "is_weight_item": false, "is_available_in_all_stores": true, "is_batch_item": false}
{"id": 91395, "name": "FULDKORNS COUSCOUS", "underline": "400 GR. / REMA 1000", "age_limit": null, "hazard_precaution_statements": [], "labels": [{"id": 2, "name": "REMA1000", "image": "https://static-assets.digital.rema1000.dk/product/labels/2-64.webp"}, {"id": 5, "name": "Økologi", "image": "https://static-assets.digital.rema1000.dk/product/labels/5-64.webp"}, {"id": 6, "name": "Økologi", "image": "https://static-assets.digital.rema1000.dk/product/labels/6-64.webp"}, {"id": 40, "name": "Nøglehul", "image": "https://static-assets.digital.rema1000.dk/product/labels/40-64.webp"}, {"id": 43, "name": "Fuldkorn", "image": "https://static-assets.digital.rema1000.dk/product/labels/43-64.webp"}], "description": null, "info": "", "images": [{"small": "https://rema-product-images.digital.rema1000.dk/91395/1-small-v09gyjJzoA.webp", "medium": "https://rema-product-images.digital.rema1000.dk/91395/1-medium-v09gyjJzoA.webp", "large": "https://rema-product-images.digital.rema1000.dk/91395/1-large-v09gyjJzoA.webp"}], "prices": [{"price": 16.95, "price_over_max_quantity": null, "max_quantity": null, "is_advertised": false, "is_campaign": false, "starting_at": "2023-01-05T00:00:00+00:00", "ending_at": "2025-09-13T00:00:00+00:00", "deposit": null, "compare_unit": "kg", "compare_unit_price": 42.38, "consumption_unit": null, "consumption_quantity": null}], "temperature_zone": null, "is_self_scale_item": false, "is_weight_item": false, "is_available_in_all_stores": true, "is_batch_item": false}
{"id": 91398, "name": "RØDE SPLITLINSER", "underline": "400 GR. / REMA 1000", "age_limit": null, "hazard_precaution_statements": [], "labels": [{"id": 2, "name": "REMA1000", "image": "https://static-assets.digital.rema1000.dk/product/labels/2-64.webp"}, {"id": 5, "name": "Økologi", "image": "https://static-assets.digital.rema1000.dk/product/labels/5-64.webp"}, {"id": 6, "name": "Økologi", "image": "https://static-assets.digital.rema1000.dk/product/labels/6-64.webp"}, {"id": 40, "name": "Nøglehul", "image": "https://static-assets.digital.rema1000.dk/product/labels/40-64.webp"}], "description": null, "info": "", "images": [{"small": "https://rema-product-images.digital.rema1000.dk/91398/1-small-Al90WjVEq8.webp", "medium": "https://rema-product-images.digital.rema1000.dk/91398/1-medium-Al90WjVEq8.webp", "large": "https://rema-product-images.digital.rema1000.dk/91398/1-large-Al90WjVEq8.webp"}], "prices": [{"price": 16.95, "price_over_max_quantity": null, "max_quantity": null, "is_advertised": false, "is_campaign": false, "starting_at": "2023-01-05T00:00:00+00:00", "ending_at": "2025-09-13T00:00:00+00:00", "deposit": null, "compare_unit": "kg", "compare_unit_price": 42.38, "consumption_unit": null, "consumption_quantity": null}], "temperature_zone": null, "is_self_scale_item": false, "is_weight_item": false, "is_available_in_all_stores": true, "is_batch_item": false}
{"id": 91399, "name": "GRØNNE LINSER", "underline": "400 GR. / REMA 1000", "age_limit": null, "hazard_precaution_statements": [], "labels": [{"id": 2, "name": "REMA1000", "image": "https://static-assets.digital.rema1000.dk/product/labels/2-64.webp"}, {"id": 5, "name": "Økologi", "image": "https://static-assets.digital.rema1000.dk/product/labels/5-64.webp"}, {"id": 6, "name": "Økologi", "image": "https://static-assets.digital.rema1000.dk/product/labels/6-64.webp"}, {"id": 40, "name": "Nøglehul", "image": "https://static-assets.digital.rema1000.dk/product/labels/40-64.webp"}], "description": null, "info": "", "images": [{"small": "https://rema-product-images.digital.rema1000.dk/91399/1-small-A5qVzy0Rqa.webp", "medium": "https://rema-product-images.digital.rema1000.dk/91399/1-medium-A5qVzy0Rqa.webp", "large": "https://rema-product-images.digital.rema1000.dk/91399/1-large-A5qVzy0Rqa.webp"}], "prices": [{"price": 16.95, "price_over_max_quantity": null, "max_quantity": null, "is_advertised": false, "is_campaign": false, "starting_at": "2023-01-05T00:00:00+00:00", "ending_at": "2025-09-13T00:00:00+00:00", "deposit": null, "compare_unit": "kg", "compare_unit_price": 42.38, "consumption_unit": null, "consumption_quantity": null}], "temperature_zone": null, "is_self_scale_item": false, "is_weight_item": false, "is_available_in_all_stores": true, "is_batch_item": false}
{"id": 91411, "name": "POPCORN MAJS", "underline": "400 GR. / REMA 1000", "age_limit": null, "hazard_precaution_statements": [], "labels": [{"id": 2, "name": "REMA1000", "image": "https://static-assets.digital.rema1000.dk/product/labels/2-64.webp"}, {"id": 5, "name": "Økologi", "image": "https://static-assets.digital.rema1000.dk/product/labels/5-64.webp"}, {"id": 6, "name": "Økologi", "image": "https://static-assets.digital.rema1000.dk/product/labels/6-64.webp"}], "description": null, "info": "", "images": [{"small": "https://rema-product-images.digital.rema1000.dk/91411/1-small-A5qVzy01qa.webp", "medium": "https://rema-product-images.digital.rema1000.dk/91411/1-medium-A5qVzy01qa.webp", "large": "https://rema-product-images.digital.rema1000.dk/91411/1-large-A5qVzy01qa.webp"}], "prices": [{"price": 16.95, "price_over_max_quantity": null, "max_quantity": null, "is_advertised": false, "is_campaign": false, "starting_at": "2023-01-05T00:00:00+00:00", "ending_at": "2025-09-13T00:00:00+00:00", "deposit": null, "compare_unit": "kg", "compare_unit_price": 42.38, "consumption_unit": null, "consumption_quantity": null}], "temperature_zone": null, "is_self_scale_item": false, "is_weight_item": false, "is_available_in_all_stores": true, "is_batch_item": false}
{"id": 91491, "name": "POKE- OG SUSHI RIS", "underline": "500 GR.", "age_limit": null, "hazard_precaution_statements": [], "labels": [], "description": null, "info": "", "images": [{"small": "https://rema-product-images.digital.rema1000.dk/91491/1-small-3MoMVel4q5.webp", "medium": "https://rema-product-images.digital.rema1000.dk/91491/1-medium-3MoMVel4q5.webp", "large": "https://rema-product-images.digital.rema1000.dk/91491/1-large-3MoMVel4q5.webp"}], "prices": [{"price": 15, "price_over_max_quantity": null, "max_quantity": null, "is_advertised": false, "is_campaign": false, "starting_at": "2024-08-24T00:00:00+00:00", "ending_at": "2025-09-06T00:00:00+00:00", "deposit": null, "compare_unit": "kg", "compare_unit_price": 30, "consumption_unit": null, "consumption_quantity": null}], "temperature_zone": null, "is_self_scale_item": false, "is_weight_item": false, "is_available_in_all_stores": true, "is_batch_item": false}
{"id": 91671, "name": "MANDEL AROMA", "underline": "38 ML. / DR.OETKER", "age_limit": null, "hazard_precaution_statements": [], "labels": [], "description": null, "info": "", "images": [{"small": "https://rema-product-images.digital.rema1000.dk/91671/1-small-OW9OVR43qg.webp", "medium": "https://rema-product-images.digital.rema1000.dk/91671/1-medium-OW9OVR43qg.webp", "large": "https://rema-product-images.digital.rema1000.dk/91671/1-large-OW9OVR43qg.webp"}], "prices": [{"price": 12.95, "price_over_max_quantity": null, "max_quantity": null, "is_advertised": false, "is_campaign": false, "starting_at": "2024-01-11T00:00:00+00:00", "ending_at": "2099-12-31T00:00:00+00:00", "deposit": null, "compare_unit": "ltr", "compare_unit_price": 340.79, "consumption_unit": null, "consumption_quantity": null}], "temperature_zone": null, "is_self_scale_item": false, "is_weight_item": false, "is_available_in_all_stores": false, "is_batch_item": false}
{"id": 91672, "name": "ROM AROMA", "underline": "38 ML. / DR.OETKER", "age_limit": null, "hazard_precaution_statements": [], "labels": [], "description": "Dr. Oetker Romaroma giver dit bagværk, dine desserter samt din konfekt en dejlig romsmag. Romaromaen er også fortrinlig til rombudding. Få inspiration hertil under produkterne Budding med vaniljesmag og Budding med mandelsmag. Dr. Oetker Romaroma fås i plastflasker á 38 ml", "info": "", "images": [{"small": "https://rema-product-images.digital.rema1000.dk/91672/1-small-xyqajKLO9D.webp", "medium": "https://rema-product-images.digital.rema1000.dk/91672/1-medium-xyqajKLO9D.webp", "large": "https://rema-product-images.digital.rema1000.dk/91672/1-large-xyqajKLO9D.webp"}], "prices": [{"price": 12.95, "price_over_max_quantity": null, "max_quantity": null, "is_advertised": false, "is_campaign": false, "starting_at": "2024-01-11T00:00:00+00:00", "ending_at": "2099-12-31T00:00:00+00:00", "deposit": null, "compare_unit": "ltr", "compare_unit_price": 340.79, "consumption_unit": null, "consumption_quantity": null}], "temperature_zone": null, "is_self_scale_item": false, "is_weight_item": false, "is_available_in_all_stores": false, "is_batch_item": false}
{"id": 91673, "name": "VANILJE AROMA", "underline": "38 ML. / DR.OETKER", "age_limit": null, "hazard_precaution_statements": [], "labels": [], "description": null, "info": "", "images": [{"small": "https://rema-product-images.digital.rema1000.dk/91673/1-small-pYqxnKD8P1.webp", "medium": "https://rema-product-images.digital.rema1000.dk/91673/1-medium-pYqxnKD8P1.webp", "large": "https://rema-product-images.digital.rema1000.dk/91673/1-large-pYqxnKD8P1.webp"}], "prices": [{"price": 12.95, "price_over_max_quantity": null, "max_quantity": null, "is_advertised": false, "is_campaign": false, "starting_at": "2023-02-02T00:00:00+00:00", "ending_at": "2099-12-31T00:00:00+00:00", "deposit": null, "compare_unit": "ltr", "compare_unit_price": 340.79, "consumption_unit": null, "consumption_quantity": null}], "temperature_zone": null, "is_self_scale_item": false, "is_weight_item": false, "is_available_in_all_stores": false, "is_batch_item": false}
{"id": 91867, "name": "FARVE GUL", "underline": "30 GR. / DR.OETKER", "age_limit": null, "hazard_precaution_statements": [], "labels": [], "description": null, "info": "", "images": [{"small": "https://rema-product-images.digital.rema1000.dk/91867/1-small-MNqZna3YqA.webp", "medium": "https://rema-product-images.digital.rema1000.dk/91867/1-medium-MNqZna3YqA.webp", "large": "https://rema-product-images.digital.rema1000.dk/91867/1-large-MNqZna3YqA.webp"}], "prices": [{"price": 13.95, "price_over_max_quantity": null, "max_quantity": null, "is_advertised": false, "is_campaign": false, "starting_at": "2024-01-11T00:00:00+00:00", "ending_at": "2099-12-31T00:00:00+00:00", "deposit": null, "compare_unit": "kg", "compare_unit_price": 465, "consumption_unit": null, "consumption_quantity": null}], "temperature_zone": null, "is_self_scale_item": false, "is_weight_item": false, "is_available_in_all_stores": true, "is_batch_item": false}
{"id": 92350, "name": "BULGUR", "underline": "400 GR. / REMA 1000", "age_limit": null, "hazard_precaution_statements": [], "labels": [{"id": 2, "name": "REMA1000", "image": "https://static-assets.digital.rema1000.dk/product/labels/2-64.webp"}, {"id": 5, "name": "Økologi", "image": "https://static-assets.digital.rema1000.dk/product/labels/5-64.webp"}, {"id": 6, "name": "Økologi", "image": "https://static-assets.digital.rema1000.dk/product/labels/6-64.webp"}, {"id": 40, "name": "Nøglehul", "image": "https://static-assets.digital.rema1000.dk/product/labels/40-64.webp"}], "description": null, "info": "", "images": [{"small": "https://rema-product-images.digital.rema1000.dk/92350/1-small-vVoryEkDP3.webp", "medium": "https://rema-product-images.digital.rema1000.dk/92350/1-medium-vVoryEkDP3.webp", "large": "https://rema-product-images.digital.rema1000.dk/92350/1-large-vVoryEkDP3.webp"}], "prices": [{"price": 16.95, "price_over_max_quantity": null, "max_quantity": null, "is_advertised": false, "is_campaign": false, "starting_at": "2023-01-05T00:00:00+00:00", "ending_at": "2025-09-13T00:00:00+00:00", "deposit": null, "compare_unit": "kg", "compare_unit_price": 42.38, "consumption_unit": null, "consumption_quantity": null}], "temperature_zone": null, "is_self_scale_item": false, "is_weight_item": false, "is_available_in_all_stores": true, "is_batch_item": false}
{"id": 92460, "name": "BLÅ BIRKES", "underline": "50 GR. / SVANSØ", "age_limit": null, "hazard_precaution_statements": [], "labels": [], "description": null, "info": "", "images": [{"small": "https://rema-product-images.digital.rema1000.dk/92460/1-small-6xqAzrJ79D.webp", "medium": "https://rema-product-images.digital.rema1000.dk/92460/1-medium-6xqAzrJ79D.webp", "large": "https://rema-product-images.digital.rema1000.dk/92460/1-large-6xqAzrJ79D.webp"}], "prices": [{"price": 5.95, "price_over_max_quantity": null, "max_quantity": null, "is_advertised": false, "is_campaign": false, "starting_at": "2023-02-09T00:00:00+00:00", "ending_at": "2099-12-31T00:00:00+00:00", "deposit": null, "compare_unit": "kg", "compare_unit_price": 119, "consumption_unit": null, "consumption_quantity": null}], "temperature_zone": null, "is_self_scale_item": false, "is_weight_item": false, "is_available_in_all_stores": true, "is_batch_item": false}
{"id": 92511, "name": "HUSBLAS", "underline": "20 GR. / DR.OETKER", "age_limit": null, "hazard_precaution_statements": [], "labels": [], "description": null, "info": "", "images": [{"small": "https://rema-product-images.digital.rema1000.dk/92511/1-small-A5qVzy51qa.webp", "medium": "https://rema-product-images.digital.rema1000.dk/92511/1-medium-A5qVzy51qa.webp", "large": "https://rema-product-images.digital.rema1000.dk/92511/1-large-A5qVzy51qa.webp"}], "prices": [{"price": 9.95, "price_over_max_quantity": null, "max_quantity": null, "is_advertised": false, "is_campaign": false, "starting_at": "2023-02-02T00:00:00+00:00", "ending_at": "2099-12-31T00:00:00+00:00", "deposit": null, "compare_unit": "kg", "compare_unit_price": 497.5, "consumption_unit": null, "consumption_quantity": null}], "temperature_zone": null, "is_self_scale_item": false, "is_weight_item": false, "is_available_in_all_stores": true, "is_batch_item": false}
{"id": 93425, "name": "AROMAT", "underline": "90 GR. / KNORR", "age_limit": null, "hazard_precaution_statements": [], "labels": [], "description": null, "info": "", "images": [{"small": "https://rema-product-images.digital.rema1000.dk/93425/1-small-Ea91Z01VPz.webp", "medium": "https://rema-product-images.digital.rema1000.dk/93425/1-medium-Ea91Z01VPz.webp", "large": "https://rema-product-images.digital.rema1000.dk/93425/1-large-Ea91Z01VPz.webp"}], "prices": [{"price": 17.95, "price_over_max_quantity": null, "max_quantity": null, "is_advertised": false, "is_campaign": false, "starting_at": "2023-02-09T00:00:00+00:00", "ending_at": "2099-12-31T00:00:00+00:00", "deposit": null, "compare_unit": "kg", "compare_unit_price": 199.44, "consumption_unit": null, "consumption_quantity": null}], "temperature_zone": null, "is_self_scale_item": false, "is_weight_item": false, "is_available_in_all_stores": true, "is_batch_item": false}
{"id": 93520, "name": "ALLROUND MARINADE", "underline": "75 GR. / SANTA MARIA", "age_limit": null, "hazard_precaution_statements": [], "labels": [], "description": null, "info": "", "images": [{"small": "https://rema-product-images.digital.rema1000.dk/93520/1-small-AKqebQVO9p.webp", "medium": "https://rema-product-images.digital.rema1000.dk/93520/1-medium-AKqebQVO9p.webp", "large": "https://rema-product-images.digital.rema1000.dk/93520/1-large-AKqebQVO9p.webp"}], "prices": [{"price": 6.5, "price_over_max_quantity": null, "max_quantity": null, "is_advertised": false, "is_campaign": false, "starting_at": "2023-03-16T00:00:00+00:00", "ending_at": "2099-12-31T00:00:00+00:00", "deposit": null, "compare_unit": "kg", "compare_unit_price": 86.67, "consumption_unit": null, "consumption_quantity": null}], "temperature_zone": null, "is_self_scale_item": false, "is_weight_item": false, "is_available_in_all_stores": true, "is_batch_item": false}
{"id": 93521, "name": "GARLIC MARINADE", "underline": "75 GR. / SANTA MARIA", "age_limit": null, "hazard_precaution_statements": [], "labels": [], "description": null, "info": "", "images": [{"small": "https://rema-product-images.digital.rema1000.dk/93521/1-small-bJ9Ya7Xx9L.webp", "medium": "https://rema-product-images.digital.rema1000.dk/93521/1-medium-bJ9Ya7Xx9L.webp", "large": "https://rema-product-images.digital.rema1000.dk/93521/1-large-bJ9Ya7Xx9L.webp"}], "prices": [{"price": 6.5, "price_over_max_quantity": null, "max_quantity": null, "is_advertised": false, "is_campaign": false, "starting_at": "2023-03-16T00:00:00+00:00", "ending_at": "2099-12-31T00:00:00+00:00", "deposit": null, "compare_unit": "kg", "compare_unit_price": 86.67, "consumption_unit": null, "consumption_quantity": null}], "temperature_zone": null, "is_self_scale_item": false, "is_weight_item": false, "is_available_in_all_stores": true, "is_batch_item": false}
{"id": 93545, "name": "CHICKEN MARINADE", "underline": "75 GR. / SANTA MARIA", "age_limit": null, "hazard_precaution_statements": [], "labels": [], "description": null, "info": "", "images": [{"small": "https://rema-product-images.digital.rema1000.dk/93545/1-small-ElPB1rA19k.webp", "medium": "https://rema-product-images.digital.rema1000.dk/93545/1-medium-ElPB1rA19k.webp", "large": "https://rema-product-images.digital.rema1000.dk/93545/1-large-ElPB1rA19k.webp"}], "prices": [{"price": 6.5, "price_over_max_quantity": null, "max_quantity": null, "is_advertised": false, "is_campaign": false, "starting_at": "2023-03-16T00:00:00+00:00", "ending_at": "2099-12-31T00:00:00+00:00", "deposit": null, "compare_unit": "kg", "compare_unit_price": 86.67, "consumption_unit": null, "consumption_quantity": null}], "temperature_zone": null, "is_self_scale_item": false, "is_weight_item": false, "is_available_in_all_stores": true, "is_batch_item": false}
{"id": 93605, "name": "SALT M/ JOD", "underline": "1 KG. / SALINA, FINT", "age_limit": null, "hazard_precaution_statements": [], "labels": [], "description": null, "info": "", "images": [{"small": "https://rema-product-images.digital.rema1000.dk/93605/1-small-xQq8gWr2oZ.webp", "medium": "https://rema-product-images.digital.rema1000.dk/93605/1-medium-xQq8gWr2oZ.webp", "large": "https://rema-product-images.digital.rema1000.dk/93605/1-large-xQq8gWr2oZ.webp"}], "prices": [{"price": 4.75, "price_over_max_quantity": null, "max_quantity": null, "is_advertised": false, "is_campaign": false, "starting_at": "2023-02-09T00:00:00+00:00", "ending_at": "2099-12-31T00:00:00+00:00", "deposit": null, "compare_unit": "kg", "compare_unit_price": 4.75, "consumption_unit": null, "consumption_quantity": null}], "temperature_zone": null, "is_self_scale_item": false, "is_weight_item": false, "is_available_in_all_stores": true, "is_batch_item": false}
{"id": 93612, "name": "SALT M/JOD", "underline": "800 GR. / SALINA, GROV", "age_limit": null, "hazard_precaution_statements": [], "labels": [], "description": null, "info": "", "images": [{"small": "https://rema-product-images.digital.rema1000.dk/93612/1-small-18oXzKQE9k.webp", "medium": "https://rema-product-images.digital.rema1000.dk/93612/1-medium-18oXzKQE9k.webp", "large": "https://rema-product-images.digital.rema1000.dk/93612/1-large-18oXzKQE9k.webp"}], "prices": [{"price": 4.4, "price_over_max_quantity": null, "max_quantity": null, "is_advertised": false, "is_campaign": false, "starting_at": "2023-10-05T00:00:00+00:00", "ending_at": "2099-12-31T00:00:00+00:00", "deposit": null, "compare_unit": "kg", "compare_unit_price": 5.5, "consumption_unit": null, "consumption_quantity": null}], "temperature_zone": null, "is_self_scale_item": false, "is_weight_item": false, "is_available_in_all_stores": true, "is_batch_item": false}
{"id": 93615, "name": "BORDSALT  M/JOD", "underline": "125 GR. / STRØDÅSE", "age_limit": null, "hazard_precaution_statements": [], "labels": [], "description": null, "info": "", "images": [{"small": "https://rema-product-images.digital.rema1000.dk/93615/1-small-KpqRrBN3qL.webp", "medium": "https://rema-product-images.digital.rema1000.dk/93615/1-medium-KpqRrBN3qL.webp", "large": "https://rema-product-images.digital.rema1000.dk/93615/1-large-KpqRrBN3qL.webp"}], "prices": [{"price": 4.95, "price_over_max_quantity": null, "max_quantity": null, "is_advertised": false, "is_campaign": false, "starting_at": "2022-02-03T00:00:00+00:00", "ending_at": "2099-12-31T00:00:00+00:00", "deposit": null, "compare_unit": "kg", "compare_unit_price": 39.6, "consumption_unit": null, "consumption_quantity": null}], "temperature_zone": null, "is_self_scale_item": false, "is_weight_item": false, "is_available_in_all_stores": true, "is_batch_item": false}
{"id": 93632, "name": "ISLANDSK FLAGESALT", "underline": "250 GR. / NORDUR", "age_limit": null, "hazard_precaution_statements": [], "labels": [], "description": null, "info": "", "images": [{"small": "https://rema-product-images.digital.rema1000.dk/93632/1-small-nDPWJVYp9W.webp", "medium": "https://rema-product-images.digital.rema1000.dk/93632/1-medium-nDPWJVYp9W.webp", "large": "https://rema-product-images.digital.rema1000.dk/93632/1-large-nDPWJVYp9W.webp"}], "prices": [{"price": 32.95, "price_over_max_quantity": null, "max_quantity": null, "is_advertised": false, "is_campaign": false, "starting_at": "2023-05-11T00:00:00+00:00", "ending_at": "2099-12-31T00:00:00+00:00", "deposit": null, "compare_unit": "kg", "compare_unit_price": 131.8, "consumption_unit": null, "consumption_quantity": null}], "temperature_zone": null, "is_self_scale_item": false, "is_weight_item": false, "is_available_in_all_stores": true, "is_batch_item": false}
{"id": 93637, "name": "MIDDELHAVSSALT", "underline": "900 GR. / FRANSK", "age_limit": null, "hazard_precaution_statements": [], "labels": [], "description": null, "info": "", "images": [{"small": "https://rema-product-images.digital.rema1000.dk/93637/1-small-JzPJng15Pk.webp", "medium": "https://rema-product-images.digital.rema1000.dk/93637/1-medium-JzPJng15Pk.webp", "large": "https://rema-product-images.digital.rema1000.dk/93637/1-large-JzPJng15Pk.webp"}], "prices": [{"price": 9.95, "price_over_max_quantity": null, "max_quantity": null, "is_advertised": false, "is_campaign": false, "starting_at": "2008-11-10T00:00:00+00:00", "ending_at": "2099-12-31T00:00:00+00:00", "deposit": null, "compare_unit": "kg", "compare_unit_price": 11.06, "consumption_unit": null, "consumption_quantity": null}], "temperature_zone": null, "is_self_scale_item": false, "is_weight_item": false, "is_available_in_all_stores": true, "is_batch_item": false}
{"id": 94025, "name": "ATAMON", "underline": "250 ML. / TØRSLEFFS", "age_limit": null, "hazard_precaution_statements": [], "labels": [], "description": "Flydende konservering.", "info": "", "images": [{"small": "https://rema-product-images.digital.rema1000.dk/94025/1-small-Ea91Z02RPz.webp", "medium": "https://rema-product-images.digital.rema1000.dk/94025/1-medium-Ea91Z02RPz.webp", "large": "https://rema-product-images.digital.rema1000.dk/94025/1-large-Ea91Z02RPz.webp"}], "prices": [{"price": 14.95, "price_over_max_quantity": null, "max_quantity": null, "is_advertised": false, "is_campaign": false, "starting_at": "2023-02-09T00:00:00+00:00", "ending_at": "2099-12-31T00:00:00+00:00", "deposit": null, "compare_unit": "ltr", "compare_unit_price": 59.8, "consumption_unit": null, "consumption_quantity": null}], "temperature_zone": null, "is_self_scale_item": false, "is_weight_item": false, "is_available_in_all_stores": false, "is_batch_item": false}
{"id": 94109, "name": "RØD MELATIN", "underline": "25 GR. / TØRSLEFFS", "age_limit": null, "hazard_precaution_statements": [], "labels": [], "description": null, "info": "", "images": [{"small": "https://rema-product-images.digital.rema1000.dk/94109/1-small-aboK81Bmqp.webp", "medium": "https://rema-product-images.digital.rema1000.dk/94109/1-medium-aboK81Bmqp.webp", "large": "https://rema-product-images.digital.rema1000.dk/94109/1-large-aboK81Bmqp.webp"}], "prices": [{"price": 14.95, "price_over_max_quantity": null, "max_quantity": null, "is_advertised": false, "is_campaign": false, "starting_at": "2023-02-23T00:00:00+00:00", "ending_at": "2099-12-31T00:00:00+00:00", "deposit": null, "compare_unit": "kg", "compare_unit_price": 598, "consumption_unit": null, "consumption_quantity": null}], "temperature_zone": null, "is_self_scale_item": false, "is_weight_item": false, "is_available_in_all_stores": true, "is_batch_item": false}
{"id": 95158, "name": "KAGECREME VANILJE", "underline": "255 GR. / DR.OETKER", "age_limit": null, "hazard_precaution_statements": [], "labels": [], "description": null, "info": "", "images": [{"small": "https://rema-product-images.digital.rema1000.dk/95158/1-small-3MovlQyk9A.webp", "medium": "https://rema-product-images.digital.rema1000.dk/95158/1-medium-3MovlQyk9A.webp", "large": "https://rema-product-images.digital.rema1000.dk/95158/1-large-3MovlQyk9A.webp"}], "prices": [{"price": 19.95, "price_over_max_quantity": null, "max_quantity": null, "is_advertised": false, "is_campaign": false, "starting_at": "2024-10-03T00:00:00+00:00", "ending_at": "2099-12-31T00:00:00+00:00", "deposit": null, "compare_unit": "kg", "compare_unit_price": 78.24, "consumption_unit": null, "consumption_quantity": null}], "temperature_zone": null, "is_self_scale_item": false, "is_weight_item": false, "is_available_in_all_stores": true, "is_batch_item": false}
{"id": 96652, "name": "NUDLER", "underline": "250 GR. / REMA 1000", "age_limit": null, "hazard_precaution_statements": [], "labels": [{"id": 2, "name": "REMA1000", "image": "https://static-assets.digital.rema1000.dk/product/labels/2-64.webp"}], "description": null, "info": "", "images": [{"small": "https://rema-product-images.digital.rema1000.dk/96652/1-small-NpP7krMlPO.webp", "medium": "https://rema-product-images.digital.rema1000.dk/96652/1-medium-NpP7krMlPO.webp", "large": "https://rema-product-images.digital.rema1000.dk/96652/1-large-NpP7krMlPO.webp"}], "prices": [{"price": 6.95, "price_over_max_quantity": null, "max_quantity": null, "is_advertised": false, "is_campaign": false, "starting_at": "2022-03-24T00:00:00+00:00", "ending_at": "2099-12-31T00:00:00+00:00", "deposit": null, "compare_unit": "kg", "compare_unit_price": 27.8, "consumption_unit": null, "consumption_quantity": null}], "temperature_zone": null, "is_self_scale_item": false, "is_weight_item": false, "is_available_in_all_stores": true, "is_batch_item": false}
{"id": 96672, "name": "FUSILLI  N°108", "underline": "500 GR. / LA MOLISANA", "age_limit": null, "hazard_precaution_statements": [], "labels": [], "description": null, "info": "", "images": [{"small": "https://rema-product-images.digital.rema1000.dk/96672/1-small-xyqajGml9D.webp", "medium": "https://rema-product-images.digital.rema1000.dk/96672/1-medium-xyqajGml9D.webp", "large": "https://rema-product-images.digital.rema1000.dk/96672/1-large-xyqajGml9D.webp"}], "prices": [{"price": 12.95, "price_over_max_quantity": null, "max_quantity": null, "is_advertised": false, "is_campaign": false, "starting_at": "2022-04-01T00:00:00+00:00", "ending_at": "2099-12-31T00:00:00+00:00", "deposit": null, "compare_unit": "kg", "compare_unit_price": 25.9, "consumption_unit": null, "consumption_quantity": null}], "temperature_zone": null, "is_self_scale_item": false, "is_weight_item": false, "is_available_in_all_stores": true, "is_batch_item": false}
{"id": 96673, "name": "FETTUCCINE N°5", "underline": "500 GR. / LA MOLISANA", "age_limit": null, "hazard_precaution_statements": [], "labels": [{"id": 5, "name": "Økologi", "image": "https://static-assets.digital.rema1000.dk/product/labels/5-64.webp"}], "description": null, "info": "", "images": [{"small": "https://rema-product-images.digital.rema1000.dk/96673/1-small-pYqxn252P1.webp", "medium": "https://rema-product-images.digital.rema1000.dk/96673/1-medium-pYqxn252P1.webp", "large": "https://rema-product-images.digital.rema1000.dk/96673/1-large-pYqxn252P1.webp"}], "prices": [{"price": 12.95, "price_over_max_quantity": null, "max_quantity": null, "is_advertised": false, "is_campaign": false, "starting_at": "2022-04-01T00:00:00+00:00", "ending_at": "2099-12-31T00:00:00+00:00", "deposit": null, "compare_unit": "kg", "compare_unit_price": 25.9, "consumption_unit": null, "consumption_quantity": null}], "temperature_zone": null, "is_self_scale_item": false, "is_weight_item": false, "is_available_in_all_stores": true, "is_batch_item": false}
{"id": 96674, "name": "RADIATORI  N°73", "underline": "500 GR. / LA MOLISANA", "age_limit": null, "hazard_precaution_statements": [], "labels": [], "description": null, "info": "", "images": [{"small": "https://rema-product-images.digital.rema1000.dk/96674/1-small-869D7KGBqM.webp", "medium": "https://rema-product-images.digital.rema1000.dk/96674/1-medium-869D7KGBqM.webp", "large": "https://rema-product-images.digital.rema1000.dk/96674/1-large-869D7KGBqM.webp"}], "prices": [{"price": 12.95, "price_over_max_quantity": null, "max_quantity": null, "is_advertised": false, "is_campaign": false, "starting_at": "2022-04-01T00:00:00+00:00", "ending_at": "2099-12-31T00:00:00+00:00", "deposit": null, "compare_unit": "kg", "compare_unit_price": 25.9, "consumption_unit": null, "consumption_quantity": null}], "temperature_zone": null, "is_self_scale_item": false, "is_weight_item": false, "is_available_in_all_stores": true, "is_batch_item": false}
{"id": 96682, "name": "FETTUCCINE", "underline": "250 GR. / CUCINA", "age_limit": null, "hazard_precaution_statements": [], "labels": [], "description": null, "info": "", "images": [{"small": "https://rema-product-images.digital.rema1000.dk/96682/1-small-MBoNnvMgov.webp", "medium": "https://rema-product-images.digital.rema1000.dk/96682/1-medium-MBoNnvMgov.webp", "large": "https://rema-product-images.digital.rema1000.dk/96682/1-large-MBoNnvMgov.webp"}], "prices": [{"price": 15.95, "price_over_max_quantity": null, "max_quantity": null, "is_advertised": false, "is_campaign": false, "starting_at": "2025-06-01T00:00:00+00:00", "ending_at": "2025-08-30T00:00:00+00:00", "deposit": null, "compare_unit": "kg", "compare_unit_price": 63.8, "consumption_unit": null, "consumption_quantity": null}], "temperature_zone": null, "is_self_scale_item": false, "is_weight_item": false, "is_available_in_all_stores": true, "is_batch_item": false}
{"id": 96958, "name": "CUPNUDLER OKSEKØD", "underline": "65 GR. / REMA 1000", "age_limit": null, "hazard_precaution_statements": [], "labels": [{"id": 2, "name": "REMA1000", "image": "https://static-assets.digital.rema1000.dk/product/labels/2-64.webp"}], "description": null, "info": "", "images": [{"small": "https://rema-product-images.digital.rema1000.dk/96958/1-small-3Movlyj49A.webp", "medium": "https://rema-product-images.digital.rema1000.dk/96958/1-medium-3Movlyj49A.webp", "large": "https://rema-product-images.digital.rema1000.dk/96958/1-large-3Movlyj49A.webp"}], "prices": [{"price": 5.75, "price_over_max_quantity": null, "max_quantity": null, "is_advertised": false, "is_campaign": false, "starting_at": "2024-07-18T00:00:00+00:00", "ending_at": "2025-09-06T00:00:00+00:00", "deposit": null, "compare_unit": "kg", "compare_unit_price": 88.46, "consumption_unit": null, "consumption_quantity": null}], "temperature_zone": null, "is_self_scale_item": false, "is_weight_item": false, "is_available_in_all_stores": true, "is_batch_item": false}
{"id": 96959, "name": "CUPNUDLER KYLLING", "underline": "65 GR. / REMA 1000", "age_limit": null, "hazard_precaution_statements": [], "labels": [{"id": 2, "name": "REMA1000", "image": "https://static-assets.digital.rema1000.dk/product/labels/2-64.webp"}], "description": null, "info": "", "images": [{"small": "https://rema-product-images.digital.rema1000.dk/96959/1-small-KpqRrMX3qL.webp", "medium": "https://rema-product-images.digital.rema1000.dk/96959/1-medium-KpqRrMX3qL.webp", "large": "https://rema-product-images.digital.rema1000.dk/96959/1-large-KpqRrMX3qL.webp"}], "prices": [{"price": 5.75, "price_over_max_quantity": null, "max_quantity": null, "is_advertised": false, "is_campaign": false, "starting_at": "2024-07-18T00:00:00+00:00", "ending_at": "2025-09-06T00:00:00+00:00", "deposit": null, "compare_unit": "kg", "compare_unit_price": 88.46, "consumption_unit": null, "consumption_quantity": null}], "temperature_zone": null, "is_self_scale_item": false, "is_weight_item": false, "is_available_in_all_stores": true, "is_batch_item": false}
{"id": 97321, "name": "NUDLER M/OKSESMAG", "underline": "85 GR. / REMA 1000", "age_limit": null, "hazard_precaution_statements": [], "labels": [{"id": 2, "name": "REMA1000", "image": "https://static-assets.digital.rema1000.dk/product/labels/2-64.webp"}], "description": null, "info": "", "images": [{"small": "https://rema-product-images.digital.rema1000.dk/97321/1-small-bJ9Yad6k9L.webp", "medium": "https://rema-product-images.digital.rema1000.dk/97321/1-medium-bJ9Yad6k9L.webp", "large": "https://rema-product-images.digital.rema1000.dk/97321/1-large-bJ9Yad6k9L.webp"}], "prices": [{"price": 2.95, "price_over_max_quantity": null, "max_quantity": null, "is_advertised": false, "is_campaign": false, "starting_at": "2023-01-26T00:00:00+00:00", "ending_at": "2099-12-31T00:00:00+00:00", "deposit": null, "compare_unit": "kg", "compare_unit_price": 34.71, "consumption_unit": null, "consumption_quantity": null}], "temperature_zone": null, "is_self_scale_item": false, "is_weight_item": false, "is_available_in_all_stores": true, "is_batch_item": false}
{"id": 97322, "name": "NUDLER M/KYLLINGSMAG", "underline": "85 GR. / REMA 1000", "age_limit": null, "hazard_precaution_statements": [], "labels": [{"id": 2, "name": "REMA1000", "image": "https://static-assets.digital.rema1000.dk/product/labels/2-64.webp"}], "description": null, "info": "", "images": [{"small": "https://rema-product-images.digital.rema1000.dk/97322/1-small-pyozd3Rw9X.webp", "medium": "https://rema-product-images.digital.rema1000.dk/97322/1-medium-pyozd3Rw9X.webp", "large": "https://rema-product-images.digital.rema1000.dk/97322/1-large-pyozd3Rw9X.webp"}], "prices": [{"price": 2.95, "price_over_max_quantity": null, "max_quantity": null, "is_advertised": false, "is_campaign": false, "starting_at": "2023-01-26T00:00:00+00:00", "ending_at": "2099-12-31T00:00:00+00:00", "deposit": null, "compare_unit": "kg", "compare_unit_price": 34.71, "consumption_unit": null, "consumption_quantity": null}], "temperature_zone": null, "is_self_scale_item": false, "is_weight_item": false, "is_available_in_all_stores": true, "is_batch_item": false}
{"id": 97915, "name": "GULE ÆRTER", "underline": "450 GR. / MØLLERENS", "age_limit": null, "hazard_precaution_statements": [], "labels": [], "description": null, "info": "", "images": [{"small": "https://rema-product-images.digital.rema1000.dk/97915/1-small-KpqRrMWNqL.webp", "medium": "https://rema-product-images.digital.rema1000.dk/97915/1-medium-KpqRrMWNqL.webp", "large": "https://rema-product-images.digital.rema1000.dk/97915/1-large-KpqRrMWNqL.webp"}], "prices": [{"price": 17.95, "price_over_max_quantity": null, "max_quantity": null, "is_advertised": false, "is_campaign": false, "starting_at": "2022-01-20T00:00:00+00:00", "ending_at": "2099-12-31T00:00:00+00:00", "deposit": null, "compare_unit": "kg", "compare_unit_price": 39.89, "consumption_unit": null, "consumption_quantity": null}], "temperature_zone": null, "is_self_scale_item": false, "is_weight_item": false, "is_available_in_all_stores": true, "is_batch_item": false}
{"id": 98114, "name": "VILDE RIS", "underline": "1 KG. / REMA 1000", "age_limit": null, "hazard_precaution_statements": [], "labels": [{"id": 2, "name": "REMA1000", "image": "https://static-assets.digital.rema1000.dk/product/labels/2-64.webp"}], "description": null, "info": "", "images": [{"small": "https://rema-product-images.digital.rema1000.dk/98114/1-small-3MovlyAG9A.webp", "medium": "https://rema-product-images.digital.rema1000.dk/98114/1-medium-3MovlyAG9A.webp", "large": "https://rema-product-images.digital.rema1000.dk/98114/1-large-3MovlyAG9A.webp"}], "prices": [{"price": 24.95, "price_over_max_quantity": null, "max_quantity": null, "is_advertised": false, "is_campaign": false, "starting_at": "2024-03-07T00:00:00+00:00", "ending_at": "2099-12-31T00:00:00+00:00", "deposit": null, "compare_unit": "kg", "compare_unit_price": 24.95, "consumption_unit": null, "consumption_quantity": null}], "temperature_zone": null, "is_self_scale_item": false, "is_weight_item": false, "is_available_in_all_stores": true, "is_batch_item": false}
{"id": 98144, "name": "PARBOILED RIS", "underline": "1 KG. / REMA 1000", "age_limit": null, "hazard_precaution_statements": [], "labels": [{"id": 2, "name": "REMA1000", "image": "https://static-assets.digital.rema1000.dk/product/labels/2-64.webp"}], "description": null, "info": "", "images": [{"small": "https://rema-product-images.digital.rema1000.dk/98144/1-small-xePwyYNeqw.webp", "medium": "https://rema-product-images.digital.rema1000.dk/98144/1-medium-xePwyYNeqw.webp", "large": "https://rema-product-images.digital.rema1000.dk/98144/1-large-xePwyYNeqw.webp"}], "prices": [{"price": 10.95, "price_over_max_quantity": null, "max_quantity": null, "is_advertised": false, "is_campaign": false, "starting_at": "2023-08-03T00:00:00+00:00", "ending_at": "2099-12-31T00:00:00+00:00", "deposit": null, "compare_unit": "kg", "compare_unit_price": 10.95, "consumption_unit": null, "consumption_quantity": null}], "temperature_zone": null, "is_self_scale_item": false, "is_weight_item": false, "is_available_in_all_stores": true, "is_batch_item": false}
{"id": 98158, "name": "BASMATI RIS", "underline": "1 KG. / REMA 1000", "age_limit": null, "hazard_precaution_statements": [], "labels": [{"id": 2, "name": "REMA1000", "image": "https://static-assets.digital.rema1000.dk/product/labels/2-64.webp"}], "description": null, "info": "", "images": [{"small": "https://rema-product-images.digital.rema1000.dk/98158/1-small-3MovlykG9A.webp", "medium": "https://rema-product-images.digital.rema1000.dk/98158/1-medium-3MovlykG9A.webp", "large": "https://rema-product-images.digital.rema1000.dk/98158/1-large-3MovlykG9A.webp"}], "prices": [{"price": 17.95, "price_over_max_quantity": null, "max_quantity": null, "is_advertised": false, "is_campaign": false, "starting_at": "2024-07-18T00:00:00+00:00", "ending_at": "2099-12-31T00:00:00+00:00", "deposit": null, "compare_unit": "kg", "compare_unit_price": 17.95, "consumption_unit": null, "consumption_quantity": null}], "temperature_zone": null, "is_self_scale_item": false, "is_weight_item": false, "is_available_in_all_stores": true, "is_batch_item": false}
{"id": 98164, "name": "JASMIN RIS", "underline": "1 KG. / REMA 1000", "age_limit": null, "hazard_precaution_statements": [], "labels": [{"id": 2, "name": "REMA1000", "image": "https://static-assets.digital.rema1000.dk/product/labels/2-64.webp"}], "description": null, "info": "", "images": [{"small": "https://rema-product-images.digital.rema1000.dk/98164/1-small-AKqebyXj9p.webp", "medium": "https://rema-product-images.digital.rema1000.dk/98164/1-medium-AKqebyXj9p.webp", "large": "https://rema-product-images.digital.rema1000.dk/98164/1-large-AKqebyXj9p.webp"}], "prices": [{"price": 14.95, "price_over_max_quantity": null, "max_quantity": null, "is_advertised": false, "is_campaign": false, "starting_at": "2012-01-30T00:00:00+00:00", "ending_at": "2099-12-31T00:00:00+00:00", "deposit": null, "compare_unit": "kg", "compare_unit_price": 14.95, "consumption_unit": null, "consumption_quantity": null}], "temperature_zone": null, "is_self_scale_item": false, "is_weight_item": false, "is_available_in_all_stores": true, "is_batch_item": false}
{"id": 98313, "name": "KOGEPOSE RIS", "underline": "500 GR. / REMA 1000", "age_limit": null, "hazard_precaution_statements": [], "labels": [{"id": 2, "name": "REMA1000", "image": "https://static-assets.digital.rema1000.dk/product/labels/2-64.webp"}], "description": null, "info": "", "images": [{"small": "https://rema-product-images.digital.rema1000.dk/98313/1-small-wyPbjyAMPE.webp", "medium": "https://rema-product-images.digital.rema1000.dk/98313/1-medium-wyPbjyAMPE.webp", "large": "https://rema-product-images.digital.rema1000.dk/98313/1-large-wyPbjyAMPE.webp"}], "prices": [{"price": 7.95, "price_over_max_quantity": null, "max_quantity": null, "is_advertised": false, "is_campaign": false, "starting_at": "2025-06-19T00:00:00+00:00", "ending_at": "2099-12-31T00:00:00+00:00", "deposit": null, "compare_unit": "kg", "compare_unit_price": 15.9, "consumption_unit": null, "consumption_quantity": null}], "temperature_zone": null, "is_self_scale_item": false, "is_weight_item": false, "is_available_in_all_stores": true, "is_batch_item": false}
{"id": 99987, "name": "ALLROUND KRYDDERI", "underline": "120 GR. / SANTA MARIA", "age_limit": null, "hazard_precaution_statements": [], "labels": [], "description": null, "info": "", "images": [{"small": "https://rema-product-images.digital.rema1000.dk/99987/1-small-dyom8YZDPV.webp", "medium": "https://rema-product-images.digital.rema1000.dk/99987/1-medium-dyom8YZDPV.webp", "large": "https://rema-product-images.digital.rema1000.dk/99987/1-large-dyom8YZDPV.webp"}], "prices": [{"price": 31.95, "price_over_max_quantity": null, "max_quantity": null, "is_advertised": false, "is_campaign": false, "starting_at": "2023-03-23T00:00:00+00:00", "ending_at": "2099-12-31T00:00:00+00:00", "deposit": null, "compare_unit": "kg", "compare_unit_price": 266.25, "consumption_unit": null, "consumption_quantity": null}], "temperature_zone": null, "is_self_scale_item": false, "is_weight_item": false, "is_available_in_all_stores": false, "is_batch_item": false}
